fkey|symbol|name|board|stock_code|52_week_high|52_week_low|open|high|low|last|chg|chg_pct|Vol_00|buy_Vol_00|sell_Vol_00|update|logdate
0|ADVENTA|ADVENTA BHD|Main|7191|0.625|0.35|0.370|0.370|0.350|0.35|-0.01|-2.78|0.355 / 200|0.355 / 200|0.355 / 200|22 Feb 2019 7:11 PM|2019-02-24 00:40:36
0|AHEALTH|APEX HEALTHCARE BHD|Main|7090|8.87|4.9|8.700|8.800|8.650|8.8|0.2|2.33|8.630 / 5|8.630 / 5|8.630 / 5|22 Feb 2019 7:11 PM|2019-02-24 00:40:36
0|CCMDBIO|CCM DUOPHARMA BIOTECH BHD|Main|7148|3.43|0.925|1.160|1.160|1.120|1.13|-0.03|-2.59|1.130 / 91|1.130 / 91|1.130 / 91|22 Feb 2019 7:11 PM|2019-02-24 00:40:36
0|HARTA|HARTALEGA HOLDINGS BHD|Main|5168|11.88|4.92|5.380|5.380|5.210|5.25|-0.13|-2.42|5.240 / 10|5.240 / 10|5.240 / 10|22 Feb 2019 7:11 PM|2019-02-24 00:40:36
0|IHH|IHH HEALTHCARE BERHAD|Main|5225|6.42|4.54|5.750|5.800|5.690|5.8|0.01|0.17|5.800 / 1380|5.800 / 1380|5.800 / 1380|22 Feb 2019 7:11 PM|2019-02-24 00:40:36
0|KOSSAN|KOSSAN RUBBER INDUSTRIES BHD|Main|7153|8.96|3.57|4.050|4.050|3.970|4.01|-0.04|-0.99|4.010 / 50|4.010 / 50|4.010 / 50|22 Feb 2019 7:11 PM|2019-02-24 00:40:36
0|KOTRA|KOTRA INDUSTRIES BHD|Main|0002|1.9|1.6|1.700|1.750|1.700|1.75|-0.04|-2.23|1.750 / 20|1.750 / 20|1.750 / 20|22 Feb 2019 7:11 PM|2019-02-24 00:40:36
0|KPJ|KPJ HEALTHCARE BHD|Main|5878|1.17|0.84|1.070|1.070|1.060|1.07|0.0|0.0|1.060 / 12913|1.060 / 12913|1.060 / 12913|22 Feb 2019 7:11 PM|2019-02-24 00:40:36
0|PHARMA|PHARMANIAGA BHD|Main|7081|4.3|2.5|2.700|2.700|2.500|2.61|-0.15|-5.43|2.600 / 80|2.600 / 80|2.600 / 80|22 Feb 2019 7:11 PM|2019-02-24 00:40:36
0|SUPERMX|SUPERMAX CORPORATION BHD|Main|7106|4.61|1.43|1.670|1.670|1.600|1.61|-0.06|-3.59|1.610 / 4811|1.610 / 4811|1.610 / 4811|22 Feb 2019 7:11 PM|2019-02-24 00:40:36
0|TMCLIFE|TMC LIFE SCIENCES BHD|Main|0101|0.845|0.695|0.730|0.730|0.730|0.73|0.0|0.0|0.725 / 2813|0.725 / 2813|0.725 / 2813|22 Feb 2019 7:11 PM|2019-02-24 00:40:36
0|TMCLIFE-WB|TMC LIFE SCIENCES BERHAD WARRANTS B|Main|0101WB|0.19|0.025|0.025|0.030|0.025|0.03|0.0|0.0|0.020 / 21020|0.020 / 21020|0.020 / 21020|22 Feb 2019 7:11 PM|2019-02-24 00:40:36
0|TOPGLOV|TOP GLOVE CORPORATION BHD|Main|7113|12.48|4.61|5.100|5.110|4.780|4.83|-0.27|-5.29|4.820 / 694|4.820 / 694|4.820 / 694|22 Feb 2019 7:11 PM|2019-02-24 00:40:36
0|YSPSAH|Y.S.P.SOUTHEAST ASIA HOLDING|Main|7178|3.39|2.33|2.900|2.900|2.900|2.9|0.02|0.69|2.850 / 3|2.850 / 3|2.850 / 3|22 Feb 2019 7:11 PM|2019-02-24 00:40:36
1|ALAM|ALAM MARITIM RESOURCES BHD|Main|5115|0.195|0.06|0.100|0.105|0.100|0.105|0.005|5.0|0.100 / 33719|0.100 / 33719|0.100 / 33719|22 Feb 2019 7:11 PM|2019-02-24 00:40:36
1|ARMADA|BUMI ARMADA BERHAD|Main|5210|0.95|0.145|0.205|0.205|0.200|0.2|-0.005|-2.44|0.200 / 281377|0.200 / 281377|0.200 / 281377|22 Feb 2019 7:11 PM|2019-02-24 00:40:36
1|BARAKAH|BARAKAH OFFSHORE PETROLEUM BHD|Main|7251|0.29|0.04|0.120|0.120|0.100|0.1|-0.02|-16.67|0.100 / 52358|0.100 / 52358|0.100 / 52358|22 Feb 2019 7:11 PM|2019-02-24 00:40:36
1|CARIMIN|CARIMIN PETROLEUM BERHAD|Main|5257|0.945|0.205|0.835|0.835|0.785|0.81|-0.035|-4.14|0.805 / 500|0.805 / 500|0.805 / 500|22 Feb 2019 7:11 PM|2019-02-24 00:40:36
1|COASTAL|COASTAL CONTRACTS BHD|Main|5071|1.35|0.735|1.030|1.030|1.010|1.02|0.01|0.99|1.020 / 54|1.020 / 54|1.020 / 54|22 Feb 2019 7:11 PM|2019-02-24 00:40:36
1|DAYA|DAYA MATERIALS BHD|Main|0091|0.08|0.005|0.010|0.010|0.005|0.01|0.0|0.0|0.005 / 973714|0.005 / 973714|0.005 / 973714|22 Feb 2019 7:11 PM|2019-02-24 00:40:36
1|DAYANG|DAYANG ENTERPRISE HOLDINGS BHD|Main|5141|0.92|0.5|0.790|0.820|0.785|0.795|0.005|0.63|0.795 / 1534|0.795 / 1534|0.795 / 1534|22 Feb 2019 7:11 PM|2019-02-24 00:40:36
1|DELEUM|DELEUM BHD|Main|5132|1.34|0.9|1.160|1.190|1.160|1.17|0.01|0.86|1.170 / 183|1.170 / 183|1.170 / 183|22 Feb 2019 7:11 PM|2019-02-24 00:40:36
1|DIALOG|DIALOG GROUP BHD|Main|7277|3.66|2.47|3.320|3.320|3.220|3.25|-0.07|-2.11|3.240 / 320|3.240 / 320|3.240 / 320|22 Feb 2019 7:11 PM|2019-02-24 00:40:36
1|HANDAL|HANDAL RESOURCES BERHAD|Main|7253|0.535|0.235|-|-|-|0.35|0.0|0.0|0.340 / 210|0.340 / 210|0.340 / 210|22 Feb 2019 7:11 PM|2019-02-24 00:40:36
1|HENGYUAN|HENGYUAN REFINING COMPANY BERHAD|Main|4324|15.38|4.51|5.990|6.030|5.780|6.03|-0.07|-1.15|6.030 / 85|6.030 / 85|6.030 / 85|22 Feb 2019 7:11 PM|2019-02-24 00:40:36
1|HIBISCS|HIBISCUS PETROLEUM BHD|Main|5199|1.36|0.705|1.060|1.070|1.040|1.06|0.0|0.0|1.060 / 21051|1.060 / 21051|1.060 / 21051|22 Feb 2019 7:11 PM|2019-02-24 00:40:36
1|HIBISCS-WC|HIBISCUS PETROLEUM BERHAD - WARRANTS 2018/2021|Main|5199WC|0.665|0.2|0.510|0.510|0.495|0.51|0.0|0.0|0.505 / 2457|0.505 / 2457|0.505 / 2457|22 Feb 2019 7:11 PM|2019-02-24 00:40:36
1|HUAAN|SINO HUA-AN INTERNATIONAL BHD|Main|2739|0.62|0.13|0.205|0.210|0.200|0.2|-0.005|-2.44|0.200 / 26995|0.200 / 26995|0.200 / 26995|22 Feb 2019 7:11 PM|2019-02-24 00:40:36
1|ICON|ICON OFFSHORE BERHAD|Main|5255|0.24|0.06|0.105|0.105|0.100|0.1|-0.01|-9.09|0.100 / 8837|0.100 / 8837|0.100 / 8837|22 Feb 2019 7:11 PM|2019-02-24 00:40:36
1|KNM|KNM GROUP BHD|Main|7164|0.24|0.07|0.105|0.110|0.105|0.105|-0.01|-8.7|0.105 / 156185|0.105 / 156185|0.105 / 156185|22 Feb 2019 7:11 PM|2019-02-24 00:40:36
1|KNM-WB|KNM GROUP BERHAD - WARRANTS 2015/2020|Main|7164WB|0.065|0.01|-|-|-|0.02|0.0|0.0|0.015 / 18083|0.015 / 18083|0.015 / 18083|22 Feb 2019 7:11 PM|2019-02-24 00:40:36
1|MHB|MALAYSIA MARINE AND HEAVY ENG|Main|5186|0.865|0.495|0.770|0.770|0.750|0.75|-0.025|-3.23|0.750 / 40|0.750 / 40|0.750 / 40|22 Feb 2019 7:11 PM|2019-02-24 00:40:36
1|PENERGY|PETRA ENERGY BHD|Main|5133|0.785|0.315|-|-|-|0.42|0.0|0.0|0.415 / 100|0.415 / 100|0.415 / 100|22 Feb 2019 7:11 PM|2019-02-24 00:40:36
1|PERDANA|PERDANA PETROLEUM BERHAD|Main|7108|0.36|0.175|0.280|0.300|0.270|0.29|0.025|9.43|0.285 / 12104|0.285 / 12104|0.285 / 12104|22 Feb 2019 7:11 PM|2019-02-24 00:40:36
1|PERISAI|PERISAI PETROLEUM TEKNOLOGI|Main|0047|0.065|0.005|-|-|-|0.005|0.0|0.0|0.000 / 0|0.000 / 0|0.000 / 0|22 Feb 2019 7:11 PM|2019-02-24 00:40:36
1|PETRONM|PETRON MALAYSIA REFINING & MARKETING BERHAD|Main|3042|12.08|6.01|6.950|6.950|6.800|6.89|-0.6|-8.01|6.890 / 5|6.890 / 5|6.890 / 5|22 Feb 2019 7:11 PM|2019-02-24 00:40:36
1|REACH|REACH ENERGY BHD|Main|5256|0.52|0.21|0.335|0.335|0.320|0.325|-0.01|-2.99|0.325 / 1800|0.325 / 1800|0.325 / 1800|22 Feb 2019 7:11 PM|2019-02-24 00:40:36
1|REACH-WA|REACH ENERGY BHD-WARRANTS A 14/22|Main|5256WA|0.135|0.055|0.075|0.075|0.070|0.075|0.0|0.0|0.070 / 98863|0.070 / 98863|0.070 / 98863|22 Feb 2019 7:11 PM|2019-02-24 00:40:36
1|SAPNRG|SAPURA ENERGY BERHAD|Main|5218|0.91|0.255|0.325|0.330|0.310|0.315|-0.01|-3.08|0.315 / 166343|0.315 / 166343|0.315 / 166343|22 Feb 2019 7:11 PM|2019-02-24 00:40:36
1|SAPNRG-PA|SAPURA ENERGY BERHAD - RCPS-I A 2019/2024|Main|5218PA|0.45|0.355|0.390|0.390|0.390|0.39|0.0|0.0|0.385 / 436|0.385 / 436|0.385 / 436|22 Feb 2019 7:11 PM|2019-02-24 00:40:36
1|SAPNRG-WA|SAPURA ENERGY BERHAD - WARRANTS A 2019/2026|Main|5218WA|0.18|0.085|0.105|0.110|0.100|0.105|0.0|0.0|0.100 / 303528|0.100 / 303528|0.100 / 303528|22 Feb 2019 7:11 PM|2019-02-24 00:40:36
1|SCOMI|SCOMI GROUP BHD|Main|7158|0.2|0.04|0.045|0.045|0.040|0.04|-0.01|-20.0|0.040 / 86023|0.040 / 86023|0.040 / 86023|22 Feb 2019 7:11 PM|2019-02-24 00:40:36
1|SCOMI-WB|SCOMI GROUP BERHAD - WARRANTS B|Main|7158WB|0.125|0.005|0.010|0.010|0.010|0.01|0.0|0.0|0.010 / 14151|0.010 / 14151|0.010 / 14151|22 Feb 2019 7:11 PM|2019-02-24 00:40:36
1|SCOMIES|SCOMI ENERGY SERVICES BHD|Main|7045|0.12|0.03|0.050|0.055|0.050|0.055|0.0|0.0|0.050 / 1810|0.050 / 1810|0.050 / 1810|22 Feb 2019 7:11 PM|2019-02-24 00:40:36
1|SERBADK|SERBA DINAMIK HOLDINGS BERHAD|Main|5279|4.28|2.87|3.990|3.990|3.930|3.95|-0.03|-0.75|3.950 / 3418|3.950 / 3418|3.950 / 3418|22 Feb 2019 7:11 PM|2019-02-24 00:40:36
1|SUMATEC|SUMATEC RESOURCES BHD|Main|1201|0.09|0.005|0.010|0.010|0.005|0.005|-0.005|-50.0|0.005 / 3273632|0.005 / 3273632|0.005 / 3273632|22 Feb 2019 7:11 PM|2019-02-24 00:40:36
1|SUMATEC-WA|SUMATEC RES BHD-WARRANTS 11/21|Main|1201WA|0.07|0.005|-|-|-|0.005|0.0|0.0|0.005 / 486|0.005 / 486|0.005 / 486|22 Feb 2019 7:11 PM|2019-02-24 00:40:36
1|T7GLOBAL|T7 GLOBAL BERHAD|Main|7228|0.635|0.3|0.445|0.445|0.435|0.435|-0.01|-2.25|0.430 / 1060|0.430 / 1060|0.430 / 1060|22 Feb 2019 7:11 PM|2019-02-24 00:40:36
1|THHEAVY|TH HEAVY ENGINEERING BERHAD|Main|7206|0.1|0.025|0.045|0.045|0.040|0.045|0.0|0.0|0.040 / 44324|0.040 / 44324|0.040 / 44324|22 Feb 2019 7:11 PM|2019-02-24 00:40:36
1|THHEAVY-PB|TH HEAVY ENGINEERING BERHAD-ISLAMIC IRREDEEMABLE CONVERTIBLE PREFERENCE SHARES 15/20|Main|7206PB|0.12|0.015|-|-|-|0.015|0.0|0.0|0.015 / 866|0.015 / 866|0.015 / 866|22 Feb 2019 7:11 PM|2019-02-24 00:40:36
1|UZMA|UZMA BHD|Main|7250|1.57|0.55|0.905|0.910|0.880|0.9|-0.005|-0.55|0.900 / 1500|0.900 / 1500|0.900 / 1500|22 Feb 2019 7:11 PM|2019-02-24 00:40:36
1|VELESTO|VELESTO ENERGY BERHAD|Main|5243|0.34|0.165|0.240|0.240|0.230|0.23|-0.01|-4.17|0.230 / 68253|0.230 / 68253|0.230 / 68253|22 Feb 2019 7:11 PM|2019-02-24 00:40:36
1|VELESTO-WA|VELESTO ENERGY BERHAD - WARRANTS 2017/2024|Main|5243WA|0.165|0.05|0.085|0.090|0.080|0.085|-0.005|-5.56|0.080 / 24129|0.080 / 24129|0.080 / 24129|22 Feb 2019 7:11 PM|2019-02-24 00:40:36
1|WASEONG|WAH SEONG CORPORATION BHD|Main|5142|1.71|0.595|0.895|0.895|0.850|0.88|-0.02|-2.22|0.880 / 18|0.880 / 18|0.880 / 18|22 Feb 2019 7:11 PM|2019-02-24 00:40:36
1|YINSON|YINSON HOLDINGS BHD|Main|7293|4.95|3.68|4.290|4.300|4.260|4.26|-0.01|-0.23|4.250 / 30|4.250 / 30|4.250 / 30|22 Feb 2019 7:11 PM|2019-02-24 00:40:36
2|CENSOF|CENSOF HOLDINGS BERHAD|Main|5195|0.265|0.12|0.160|0.165|0.160|0.165|0.005|3.12|0.160 / 2680|0.160 / 2680|0.160 / 2680|22 Feb 2019 7:11 PM|2019-02-24 00:40:36
2|CENSOF-WB|CENSOF HOLDINGS BERHAD - WARRANTS B 14/19|Main|5195WB|0.11|0.005|0.010|0.015|0.010|0.015|0.005|50.0|0.005 / 13700|0.005 / 13700|0.005 / 13700|22 Feb 2019 7:11 PM|2019-02-24 00:40:36
2|CUSCAPI|CUSCAPI BHD|Main|0051|0.575|0.13|0.220|0.220|0.215|0.215|-0.01|-4.44|0.215 / 1061|0.215 / 1061|0.215 / 1061|22 Feb 2019 7:11 PM|2019-02-24 00:40:36
2|D%26O|D&O GREEN TECHNOLOGIES BERHAD|Main|7204|1.0|0.55|0.775|0.780|0.750|0.75|-0.025|-3.23|0.750 / 2779|0.750 / 2779|0.750 / 2779|22 Feb 2019 7:11 PM|2019-02-24 00:40:36
2|DATAPRP|DATAPREP HOLDINGS BHD|Main|8338|0.295|0.175|0.235|0.235|0.225|0.225|-0.01|-4.26|0.225 / 561|0.225 / 561|0.225 / 561|22 Feb 2019 7:11 PM|2019-02-24 00:40:36
2|DIGISTA|DIGISTAR CORPORATION BHD|Main|0029|0.12|0.04|0.050|0.055|0.050|0.055|0.0|0.0|0.050 / 1739|0.050 / 1739|0.050 / 1739|22 Feb 2019 7:11 PM|2019-02-24 00:40:36
2|DIGISTA-WB|DIGISTAR CORP BHD-WB|Main|0029WB|0.1|0.015|-|-|-|0.02|0.0|0.0|0.020 / 500|0.020 / 500|0.020 / 500|22 Feb 2019 7:11 PM|2019-02-24 00:40:36
2|DNEX|DAGANG NEXCHANGE BERHAD|Main|4456|0.48|0.195|0.320|0.340|0.315|0.325|0.0|0.0|0.320 / 24273|0.320 / 24273|0.320 / 24273|22 Feb 2019 7:11 PM|2019-02-24 00:40:36
2|DNEX-WD|DAGANG NEXCHANGE BERHAD - WARRANTS 2016/2021|Main|4456WD|0.19|0.055|0.085|0.090|0.085|0.085|0.0|0.0|0.085 / 48181|0.085 / 48181|0.085 / 48181|22 Feb 2019 7:11 PM|2019-02-24 00:40:36
2|DSONIC|DATASONIC GROUP BERHAD|Main|5216|1.14|0.295|0.475|0.480|0.470|0.475|-0.005|-1.04|0.475 / 69|0.475 / 69|0.475 / 69|22 Feb 2019 7:11 PM|2019-02-24 00:40:36
2|DSONIC-WA|DATASONIC GROUP BERHAD - WARRANTS A 2018/2023|Main|5216WA|0.3|0.05|0.085|0.085|0.085|0.085|0.0|0.0|0.080 / 29049|0.080 / 29049|0.080 / 29049|22 Feb 2019 7:11 PM|2019-02-24 00:40:36
2|EDARAN|EDARAN BHD|Main|5036|0.84|0.335|0.590|0.590|0.575|0.575|-0.01|-1.71|0.575 / 709|0.575 / 709|0.575 / 709|22 Feb 2019 7:11 PM|2019-02-24 00:40:36
2|EFORCE|EXCEL FORCE MSC BHD|Main|0065|1.37|0.335|0.530|0.570|0.530|0.555|0.025|4.72|0.550 / 977|0.550 / 977|0.550 / 977|22 Feb 2019 7:11 PM|2019-02-24 00:40:36
2|EFORCE-WA|EXCEL FORCE MSC BHD-WARRANT A 14/19|Main|0065WA|0.995|0.11|0.170|0.195|0.170|0.19|0.02|11.76|0.185 / 379|0.185 / 379|0.185 / 379|22 Feb 2019 7:11 PM|2019-02-24 00:40:36
2|ELSOFT|ELSOFT RESEARCH BHD|Main|0090|3.53|1.0|1.230|1.250|1.170|1.19|-0.03|-2.46|1.190 / 47|1.190 / 47|1.190 / 47|22 Feb 2019 7:11 PM|2019-02-24 00:40:36
2|FRONTKN|FRONTKEN CORPORATION BHD|Main|0128|0.995|0.345|0.960|0.965|0.940|0.96|-0.005|-0.52|0.955 / 100|0.955 / 100|0.955 / 100|22 Feb 2019 7:11 PM|2019-02-24 00:40:36
2|FSBM|FSBM HOLDINGS BHD|Main|9377|0.24|0.08|-|-|-|0.095|0.0|0.0|0.000 / 0|0.000 / 0|0.000 / 0|22 Feb 2019 7:11 PM|2019-02-24 00:40:36
2|FSBM-WA|FSBM HOLDINGS BERHAD - WARR|Main|9377WA|0.08|0.02|-|-|-|0.025|0.0|0.0|0.000 / 0|0.000 / 0|0.000 / 0|22 Feb 2019 7:11 PM|2019-02-24 00:40:36
2|GHLSYS|GHL SYSTEMS BHD|Main|0021|1.86|1.03|1.650|1.720|1.650|1.7|0.0|0.0|1.700 / 42|1.700 / 42|1.700 / 42|22 Feb 2019 7:11 PM|2019-02-24 00:40:36
2|GRANFLO|GRAND-FLO BERHAD|Main|0056|0.25|0.18|0.210|0.215|0.210|0.215|0.005|2.38|0.205 / 2100|0.205 / 2100|0.205 / 2100|22 Feb 2019 7:11 PM|2019-02-24 00:40:36
2|GTRONIC|GLOBETRONICS TECHNOLOGY BHD|Main|7022|6.4|1.39|1.970|1.980|1.890|1.96|-0.01|-0.51|1.960 / 4762|1.960 / 4762|1.960 / 4762|22 Feb 2019 7:11 PM|2019-02-24 00:40:36
2|HTPADU|HEITECH PADU BHD|Main|5028|1.16|0.34|0.815|0.830|0.795|0.8|-0.015|-1.84|0.795 / 1003|0.795 / 1003|0.795 / 1003|22 Feb 2019 7:11 PM|2019-02-24 00:40:36
2|INARI|INARI AMERTRON BERHAD|Main|0166|3.47|1.22|1.550|1.610|1.500|1.5|-0.11|-6.83|1.500 / 6189|1.500 / 6189|1.500 / 6189|22 Feb 2019 7:11 PM|2019-02-24 00:40:36
2|INARI-WB|INARI AMERTRON BERHAD-WARRANTS B 15/20|Main|0166WB|2.65|0.71|1.050|1.060|0.980|0.99|-0.1|-9.17|0.990 / 247|0.990 / 247|0.990 / 247|22 Feb 2019 7:11 PM|2019-02-24 00:40:36
2|ITRONIC|INDUSTRONICS BHD|Main|9393|0.2|0.07|0.100|0.100|0.100|0.1|0.0|0.0|0.095 / 100|0.095 / 100|0.095 / 100|22 Feb 2019 7:11 PM|2019-02-24 00:40:36
2|JCY|JCY INTERNATIONAL BERHAD|Main|5161|0.425|0.155|0.225|0.230|0.220|0.225|0.0|0.0|0.220 / 489|0.220 / 489|0.220 / 489|22 Feb 2019 7:11 PM|2019-02-24 00:40:36
2|KESM|KESM INDUSTRIES BHD|Main|9334|20.88|7.41|9.320|9.620|9.320|9.6|0.04|0.42|9.590 / 20|9.590 / 20|9.590 / 20|22 Feb 2019 7:11 PM|2019-02-24 00:40:36
2|KEYASIC|KEY ASIC BHD|Main|0143|0.245|0.095|0.110|0.115|0.105|0.11|-0.005|-4.35|0.110 / 1116|0.110 / 1116|0.110 / 1116|22 Feb 2019 7:11 PM|2019-02-24 00:40:36
2|MI|MI TECHNOVATION BERHAD|Main|5286|3.37|1.39|2.700|2.720|2.570|2.71|0.01|0.37|2.710 / 274|2.710 / 274|2.710 / 274|22 Feb 2019 7:11 PM|2019-02-24 00:40:36
2|MMSV|MMS VENTURES BHD|Main|0113|1.72|0.66|0.910|0.915|0.900|0.905|-0.01|-1.09|0.900 / 352|0.900 / 352|0.900 / 352|22 Feb 2019 7:11 PM|2019-02-24 00:40:36
2|MPI|MALAYSIAN PACIFIC INDUSTRIES|Main|3867|13.2|7.57|10.080|10.120|9.900|10.0|-0.22|-2.15|9.980 / 21|9.980 / 21|9.980 / 21|22 Feb 2019 7:11 PM|2019-02-24 00:40:36
2|MSNIAGA|MESINIAGA BHD|Main|5011|1.93|0.95|1.750|1.770|1.730|1.73|-0.06|-3.35|1.730 / 218|1.730 / 218|1.730 / 218|22 Feb 2019 7:11 PM|2019-02-24 00:40:36
2|MYEG|MY E.G. SERVICES BHD|Main|0138|3.03|0.655|1.050|1.050|1.020|1.02|-0.03|-2.86|1.020 / 23661|1.020 / 23661|1.020 / 23661|22 Feb 2019 7:11 PM|2019-02-24 00:40:36
2|NOTION|NOTION VTEC BHD|Main|0083|0.79|0.515|0.680|0.685|0.645|0.645|-0.03|-4.44|0.645 / 264|0.645 / 264|0.645 / 264|22 Feb 2019 7:11 PM|2019-02-24 00:40:36
2|NOTION-WC|NOTION VTEC BERHAD - WARRANTS C 2018/2023|Main|0083WC|0.41|0.2|0.310|0.310|0.300|0.3|-0.01|-3.23|0.300 / 7|0.300 / 7|0.300 / 7|22 Feb 2019 7:11 PM|2019-02-24 00:40:36
2|OMESTI|OMESTI BHD|Main|9008|0.52|0.335|0.385|0.385|0.375|0.375|-0.015|-3.85|0.370 / 300|0.370 / 300|0.370 / 300|22 Feb 2019 7:11 PM|2019-02-24 00:40:36
2|PANPAGE|PANPAGES BERHAD|Main|0041|0.315|0.19|0.245|0.245|0.235|0.235|-0.005|-2.08|0.235 / 1391|0.235 / 1391|0.235 / 1391|22 Feb 2019 7:11 PM|2019-02-24 00:40:36
2|PENTA|PENTAMASTER CORPORATION BHD|Main|7160|3.87|1.7|3.330|3.360|3.270|3.32|-0.03|-0.9|3.310 / 105|3.310 / 105|3.310 / 105|22 Feb 2019 7:11 PM|2019-02-24 00:40:36
2|PRESBHD|PRESTARIANG BERHAD|Main|5204|1.71|0.255|0.440|0.460|0.435|0.445|0.01|2.3|0.440 / 17040|0.440 / 17040|0.440 / 17040|22 Feb 2019 7:11 PM|2019-02-24 00:40:36
2|THETA|THETA EDGE BERHAD|Main|9075|0.47|0.24|0.390|0.405|0.390|0.4|0.01|2.56|0.395 / 450|0.395 / 450|0.395 / 450|22 Feb 2019 7:11 PM|2019-02-24 00:40:36
2|TRIVE|TRIVE PROPERTY GROUP BERHAD|Main|0118|0.045|0.01|0.020|0.020|0.015|0.02|0.0|0.0|0.015 / 361174|0.015 / 361174|0.015 / 361174|22 Feb 2019 7:11 PM|2019-02-24 00:40:36
2|TRIVE-WB|TRIVE PROPERTY GROUP BERHAD - WARRANTS 2017/2020|Main|0118WB|0.025|0.005|-|-|-|0.005|0.0|0.0|0.000 / 0|0.000 / 0|0.000 / 0|22 Feb 2019 7:11 PM|2019-02-24 00:40:36
2|TURIYA|TURIYA BHD|Main|4359|0.2|0.105|-|-|-|0.155|0.0|0.0|0.145 / 1413|0.145 / 1413|0.145 / 1413|22 Feb 2019 7:11 PM|2019-02-24 00:40:36
2|UNISEM|UNISEM (M) BHD|Main|5005|3.3|1.6|3.100|3.100|3.080|3.1|0.0|0.0|3.050 / 69|3.050 / 69|3.050 / 69|22 Feb 2019 7:11 PM|2019-02-24 00:40:36
2|VITROX|VITROX CORPORATION BHD|Main|0097|8.52|4.85|6.950|6.950|6.800|6.82|-0.13|-1.87|6.820 / 61|6.820 / 61|6.820 / 61|22 Feb 2019 7:11 PM|2019-02-24 00:40:36
2|VSTECS|VSTECS BERHAD|Main|5162|1.28|0.91|1.020|1.030|0.995|1.0|0.0|0.0|0.995 / 343|0.995 / 343|0.995 / 343|22 Feb 2019 7:11 PM|2019-02-24 00:40:36
2|WILLOW|WILLOWGLEN MSC BHD|Main|0008|1.32|0.415|0.505|0.505|0.490|0.49|-0.015|-2.97|0.480 / 240|0.480 / 240|0.480 / 240|22 Feb 2019 7:11 PM|2019-02-24 00:40:36
3|ACME|ACME HOLDINGS BERHAD|Main|7131|0.38|0.23|-|-|-|0.23|0.0|0.0|0.230 / 150|0.230 / 150|0.230 / 150|22 Feb 2019 7:11 PM|2019-02-24 00:40:36
3|AMPROP|AMCORP PROPERTIES BERHAD|Main|1007|0.755|0.49|0.520|0.530|0.520|0.525|0.005|0.96|0.520 / 865|0.520 / 865|0.520 / 865|22 Feb 2019 7:11 PM|2019-02-24 00:40:36
3|AMPROP-PA|AMCORP PROPERTIES BERHAD - PREFERENCE SHARES A|Main|1007PA|0.42|0.22|0.255|0.255|0.250|0.255|0.0|0.0|0.255 / 24|0.255 / 24|0.255 / 24|22 Feb 2019 7:11 PM|2019-02-24 00:40:36
3|AMPROP-PB|AMCORP PROPERTIES BERHAD - PREFERENCE SHARES B|Main|1007PB|0.72|0.57|-|-|-|0.58|0.0|0.0|0.440 / 100|0.440 / 100|0.440 / 100|22 Feb 2019 7:11 PM|2019-02-24 00:40:36
3|AMVERTON|AMVERTON BERHAD|Main|5959|1.26|0.87|-|-|-|1.0|0.0|0.0|0.980 / 50|0.980 / 50|0.980 / 50|22 Feb 2019 7:11 PM|2019-02-24 00:40:36
3|ARK|ARK RESOURCES HOLDINGS BERHAD|Main|7007|0.65|0.28|0.380|0.380|0.380|0.38|-0.07|-15.56|0.405 / 100|0.405 / 100|0.405 / 100|22 Feb 2019 7:11 PM|2019-02-24 00:40:36
3|ARK-WB|ARK RESOURCES HOLDINGS BERHAD - WARRANTS B 2011/2021|Main|7007WB|0.0|0.0|-|-|-|0.09|0.0|0.0|0.040 / 322|0.040 / 322|0.040 / 322|22 Feb 2019 7:11 PM|2019-02-24 00:40:36
3|ASIAPAC|ASIAN PAC HOLDINGS BHD|Main|4057|0.175|0.11|0.120|0.120|0.120|0.12|0.0|0.0|0.115 / 22881|0.115 / 22881|0.115 / 22881|22 Feb 2019 7:11 PM|2019-02-24 00:40:36
3|ASIAPAC-WB|ASIAN PAC HOLDINGS BERHAD - WARRANTS B 2017/2022|Main|4057WB|0.085|0.035|-|-|-|0.05|0.0|0.0|0.040 / 1000|0.040 / 1000|0.040 / 1000|22 Feb 2019 7:11 PM|2019-02-24 00:40:36
3|AYER|AYER HOLDINGS BERHAD|Main|2305|6.7|4.2|-|-|-|4.2|0.0|0.0|4.210 / 9|4.210 / 9|4.210 / 9|22 Feb 2019 7:11 PM|2019-02-24 00:40:36
3|BCB|BCB BHD|Main|6602|0.475|0.22|0.285|0.295|0.285|0.295|0.0|0.0|0.295 / 21|0.295 / 21|0.295 / 21|22 Feb 2019 7:11 PM|2019-02-24 00:40:36
3|BDB|BINA DARULAMAN BHD|Main|6173|0.63|0.285|0.365|0.365|0.360|0.36|0.005|1.41|0.355 / 200|0.355 / 200|0.355 / 200|22 Feb 2019 7:11 PM|2019-02-24 00:40:36
3|BERTAM|BERTAM ALLIANCE BHD|Main|9814|0.43|0.18|0.260|0.260|0.260|0.26|0.0|0.0|0.260 / 950|0.260 / 950|0.260 / 950|22 Feb 2019 7:11 PM|2019-02-24 00:40:36
3|BJASSET|BERJAYA ASSETS BERHAD|Main|3239|0.6|0.245|0.300|0.310|0.300|0.31|0.01|3.33|0.305 / 100|0.305 / 100|0.305 / 100|22 Feb 2019 7:11 PM|2019-02-24 00:40:36
3|BJASSET-WB|BERJAYA ASSETS BERHAD - WARRANTS B 2018/2023|Main|3239WB|0.15|0.045|0.060|0.060|0.060|0.06|-0.005|-7.69|0.060 / 5403|0.060 / 5403|0.060 / 5403|22 Feb 2019 7:11 PM|2019-02-24 00:40:36
3|CHHB|COUNTRY HEIGHTS HOLDINGS BHD|Main|5738|1.6|1.0|1.500|1.510|1.500|1.5|0.0|0.0|1.480 / 560|1.480 / 560|1.480 / 560|22 Feb 2019 7:11 PM|2019-02-24 00:40:36
3|CHHB-WB|COUNTRY HEIGHTS HOLDINGS BERHAD - WARRANTS B|Main|5738WB|0.5|0.28|-|-|-|0.41|0.0|0.0|0.415 / 210|0.415 / 210|0.415 / 210|22 Feb 2019 7:11 PM|2019-02-24 00:40:36
3|CRESNDO|CRESCENDO CORPORATION BHD|Main|6718|1.42|1.19|1.250|1.320|1.240|1.32|0.0|0.0|1.290 / 100|1.290 / 100|1.290 / 100|22 Feb 2019 7:11 PM|2019-02-24 00:40:36
3|CVIEW|COUNTRY VIEW BHD|Main|5049|1.65|1.15|-|-|-|1.5|0.0|0.0|1.500 / 10|1.500 / 10|1.500 / 10|22 Feb 2019 7:11 PM|2019-02-24 00:40:36
3|DAIMAN|DAIMAN DEVELOPMENT BHD|Main|5355|3.02|1.95|2.980|2.990|2.980|2.98|0.0|0.0|2.980 / 10252|2.980 / 10252|2.980 / 10252|22 Feb 2019 7:11 PM|2019-02-24 00:40:36
3|DBHD|DAMANSARA REALTY BHD|Main|3484|0.55|0.22|0.440|0.460|0.435|0.445|0.005|1.14|0.440 / 1490|0.440 / 1490|0.440 / 1490|22 Feb 2019 7:11 PM|2019-02-24 00:40:36
3|DBHD-WA|DAMANSARA REALTY BHD-WARRANT A 2017/2020|Main|3484WA|0.15|0.03|0.090|0.095|0.085|0.095|0.0|0.0|0.090 / 3|0.090 / 3|0.090 / 3|22 Feb 2019 7:11 PM|2019-02-24 00:40:36
3|DPS|DPS RESOURCES BHD|Main|7198|0.1|0.05|0.070|0.070|0.070|0.07|0.0|0.0|0.060 / 23610|0.060 / 23610|0.060 / 23610|22 Feb 2019 7:11 PM|2019-02-24 00:40:36
3|DPS-WB|DPS RESOURCES BERHAD - WARRANTS B 2015/2025|Main|7198WB|0.055|0.015|-|-|-|0.035|0.0|0.0|0.025 / 5490|0.025 / 5490|0.025 / 5490|22 Feb 2019 7:11 PM|2019-02-24 00:40:36
3|E%26O|EASTERN & ORIENTAL BHD|Main|3417|1.69|0.85|0.895|0.895|0.875|0.88|-0.015|-1.68|0.880 / 4382|0.880 / 4382|0.880 / 4382|22 Feb 2019 7:11 PM|2019-02-24 00:40:36
3|E%26O-WB|EASTERN & ORIENTAL BERHAD - WARRANTS B 15/19|Main|3417WB|0.135|0.005|-|-|-|0.005|0.0|0.0|0.000 / 0|0.000 / 0|0.000 / 0|22 Feb 2019 7:11 PM|2019-02-24 00:40:36
3|ECOFIRS|ECOFIRST CONSOLIDATED BHD|Main|3557|0.325|0.28|0.300|0.300|0.295|0.295|0.0|0.0|0.290 / 1828|0.290 / 1828|0.290 / 1828|22 Feb 2019 7:11 PM|2019-02-24 00:40:36
3|ECOFIRS-WC|ECOFIRST CONSOLIDATED BHD-WARRANTS 14/19|Main|3557WC|0.115|0.025|0.030|0.030|0.030|0.03|0.0|0.0|0.025 / 1200|0.025 / 1200|0.025 / 1200|22 Feb 2019 7:11 PM|2019-02-24 00:40:36
3|ECOWLD|ECO WORLD DEVELOPMENT GROUP BERHAD|Main|8206|1.45|0.89|0.965|0.985|0.955|0.98|0.015|1.55|0.980 / 41|0.980 / 41|0.980 / 41|22 Feb 2019 7:11 PM|2019-02-24 00:40:36
3|ECOWLD-WA|ECO WORLD DEVELOPMENT GROUP BERHAD - WARRANTS 2015/2022|Main|8206WA|0.35|0.165|0.200|0.205|0.200|0.205|0.0|0.0|0.195 / 400|0.195 / 400|0.195 / 400|22 Feb 2019 7:11 PM|2019-02-24 00:40:36
3|ENCORP|ENCORP BHD|Main|6076|0.83|0.35|0.390|0.415|0.370|0.415|-0.015|-3.49|0.380 / 119|0.380 / 119|0.380 / 119|22 Feb 2019 7:11 PM|2019-02-24 00:40:36
3|ENRA|ENRA GROUP BERHAD|Main|8613|2.77|1.52|-|-|-|1.53|0.0|0.0|1.520 / 5|1.520 / 5|1.520 / 5|22 Feb 2019 7:11 PM|2019-02-24 00:40:36
3|EUPE|EUPE CORPORATION BHD|Main|6815|0.96|0.55|0.630|0.630|0.610|0.61|-0.02|-3.17|0.600 / 100|0.600 / 100|0.600 / 100|22 Feb 2019 7:11 PM|2019-02-24 00:40:36
3|EWEIN|EWEIN BERHAD|Main|7249|0.885|0.305|0.670|0.675|0.655|0.655|-0.02|-2.96|0.655 / 246|0.655 / 246|0.655 / 246|22 Feb 2019 7:11 PM|2019-02-24 00:40:36
3|EWINT|ECO WORLD INTERNATIONAL BERHAD|Main|5283|1.15|0.665|0.780|0.795|0.765|0.79|0.015|1.94|0.790 / 185|0.790 / 185|0.790 / 185|22 Feb 2019 7:11 PM|2019-02-24 00:40:36
3|EWINT-WA|ECO WORLD INTERNATIONAL BERHAD-WARRANTS 2017/2022|Main|5283WA|0.34|0.1|0.155|0.155|0.145|0.15|0.0|0.0|0.145 / 2061|0.145 / 2061|0.145 / 2061|22 Feb 2019 7:11 PM|2019-02-24 00:40:36
3|FARLIM|FARLIM GROUP (M) BHD|Main|6041|0.5|0.34|0.360|0.375|0.360|0.375|0.0|0.0|0.365 / 38|0.365 / 38|0.365 / 38|22 Feb 2019 7:11 PM|2019-02-24 00:40:36
3|GLOMAC|GLOMAC BHD|Main|5020|0.54|0.365|0.380|0.380|0.380|0.38|0.0|0.0|0.380 / 63|0.380 / 63|0.380 / 63|22 Feb 2019 7:11 PM|2019-02-24 00:40:36
3|GMUTUAL|GROMUTUAL BHD|Main|9962|0.4|0.24|0.280|0.295|0.265|0.295|0.0|0.0|0.270 / 120|0.270 / 120|0.270 / 120|22 Feb 2019 7:11 PM|2019-02-24 00:40:36
3|GOB|GLOBAL ORIENTAL BERHAD|Main|1147|0.31|0.17|0.185|0.185|0.180|0.185|0.0|0.0|0.180 / 530|0.180 / 530|0.180 / 530|22 Feb 2019 7:11 PM|2019-02-24 00:40:36
3|GOB-WA|GLOBAL ORIENTAL BERHAD-WA 2014/2019|Main|1147WA|0.1|0.005|-|-|-|0.005|0.0|0.0|0.005 / 22964|0.005 / 22964|0.005 / 22964|22 Feb 2019 7:11 PM|2019-02-24 00:40:36
3|GSB|GSB GROUP BHD|Main|7077|0.255|0.085|0.170|0.170|0.170|0.17|0.0|0.0|0.165 / 5030|0.165 / 5030|0.165 / 5030|22 Feb 2019 7:11 PM|2019-02-24 00:40:36
3|GUOCO|GUOCOLAND (MALAYSIA) BHD|Main|1503|1.03|0.73|0.765|0.800|0.760|0.765|-0.025|-3.16|0.765 / 80|0.765 / 80|0.765 / 80|22 Feb 2019 7:11 PM|2019-02-24 00:40:36
3|HCK|HCK CAPITAL GROUP BERHAD|Main|7105|1.37|1.2|1.270|1.280|1.270|1.28|0.0|0.0|1.260 / 30|1.260 / 30|1.260 / 30|22 Feb 2019 7:11 PM|2019-02-24 00:40:36
3|HCK-WA|HCK CAPITAL GROUP BERHAD - WARRANTS|Main|7105WA|0.36|0.21|-|-|-|0.295|0.0|0.0|0.245 / 100|0.245 / 100|0.245 / 100|22 Feb 2019 7:11 PM|2019-02-24 00:40:36
3|HOOVER|GRAND HOOVER BHD|Main|7010|0.835|0.5|-|-|-|0.615|0.0|0.0|0.610 / 50|0.610 / 50|0.610 / 50|22 Feb 2019 7:11 PM|2019-02-24 00:40:36
3|HUAYANG|HUA YANG BHD|Main|5062|0.605|0.3|0.420|0.420|0.410|0.415|-0.015|-3.49|0.415 / 671|0.415 / 671|0.415 / 671|22 Feb 2019 7:11 PM|2019-02-24 00:40:36
3|IBHD|I-BHD|Main|4251|0.56|0.36|0.435|0.435|0.430|0.43|-0.01|-2.27|0.430 / 70|0.430 / 70|0.430 / 70|22 Feb 2019 7:11 PM|2019-02-24 00:40:36
3|IBHD-WA|I-BERHAD-WARRANTS A 14/19|Main|4251WA|0.1|0.015|-|-|-|0.02|0.0|0.0|0.010 / 389|0.010 / 389|0.010 / 389|22 Feb 2019 7:11 PM|2019-02-24 00:40:36
3|IBRACO|IBRACO BHD|Main|5084|0.77|0.15|0.600|0.600|0.595|0.595|0.0|0.0|0.595 / 1444|0.595 / 1444|0.595 / 1444|22 Feb 2019 7:11 PM|2019-02-24 00:40:36
3|IDEAL|IDEAL UNITED BINTANG INTERNATIONAL BERHAD|Main|9687|1.86|0.55|1.280|1.360|1.280|1.34|0.07|5.51|1.340 / 10|1.340 / 10|1.340 / 10|22 Feb 2019 7:11 PM|2019-02-24 00:40:36
3|IDEAL-WB|IDEAL UNITED BINTANG INTERNATIONAL BERHAD-WARRANTS B 2016/2021|Main|9687WB|1.0|0.1|0.465|0.505|0.465|0.49|0.03|6.52|0.490 / 41|0.490 / 41|0.490 / 41|22 Feb 2019 7:11 PM|2019-02-24 00:40:36
3|IGBB|IGB BERHAD|Main|5606|3.19|2.2|2.500|2.500|2.500|2.5|0.0|0.0|2.500 / 1328|2.500 / 1328|2.500 / 1328|22 Feb 2019 7:11 PM|2019-02-24 00:40:36
3|IGBB-PA|IGB BERHAD - REDEEMABLE CONVERTIBLE PREFERENCE SHARES (RCPS) 2015/2020|Main|5606PA|1.3|1.11|-|-|-|1.11|0.0|0.0|1.100 / 1000|1.100 / 1000|1.100 / 1000|22 Feb 2019 7:11 PM|2019-02-24 00:40:36
3|IGBB-PB|IGB BERHAD - REDEEMABLE CONVERTIBLE CUMULATIVE PREFERENCE SHARES 2018/2025|Main|5606PB|3.25|3.25|-|-|-|3.25|0.0|0.0|0.000 / 0|0.000 / 0|0.000 / 0|22 Feb 2019 7:11 PM|2019-02-24 00:40:36
3|IOIPG|IOI PROPERTIES GROUP BERHAD|Main|5249|2.05|1.21|1.660|1.660|1.600|1.61|-0.06|-3.59|1.600 / 80|1.600 / 80|1.600 / 80|22 Feb 2019 7:11 PM|2019-02-24 00:40:36
3|IVORY|IVORY PROPERTIES GROUP BERHAD|Main|5175|0.375|0.195|0.225|0.225|0.225|0.225|0.0|0.0|0.225 / 34|0.225 / 34|0.225 / 34|22 Feb 2019 7:11 PM|2019-02-24 00:40:36
3|IWCITY|ISKANDAR WATERFRONT CITY BERHAD|Main|1589|1.44|0.365|0.595|0.670|0.585|0.63|0.04|6.78|0.630 / 6116|0.630 / 6116|0.630 / 6116|22 Feb 2019 7:11 PM|2019-02-24 00:40:36
3|JIANKUN|JIANKUN INTERNATIONAL BERHAD|Main|8923|0.41|0.25|0.290|0.325|0.285|0.325|0.035|12.07|0.300 / 23|0.300 / 23|0.300 / 23|22 Feb 2019 7:11 PM|2019-02-24 00:40:36
3|JIANKUN-WA|JIANKUN INTERNATIONAL BERHAD - WARRANTS A|Main|8923WA|0.125|0.06|0.075|0.075|0.075|0.075|0.015|25.0|0.065 / 100|0.065 / 100|0.065 / 100|22 Feb 2019 7:11 PM|2019-02-24 00:40:36
3|JKGLAND|JKG LAND BERHAD|Main|6769|0.1|0.07|0.075|0.075|0.075|0.075|-0.005|-6.25|0.075 / 3180|0.075 / 3180|0.075 / 3180|22 Feb 2019 7:11 PM|2019-02-24 00:40:36
3|KBUNAI|KARAMBUNAI CORP BHD|Main|3115|0.125|0.07|0.090|0.095|0.090|0.09|-0.005|-5.26|0.090 / 101477|0.090 / 101477|0.090 / 101477|22 Feb 2019 7:11 PM|2019-02-24 00:40:36
3|KBUNAI-WC|KARAMBUNAI CORP BHD -WC 13/23|Main|3115WC|0.04|0.015|0.025|0.025|0.025|0.025|0.0|0.0|0.020 / 195335|0.020 / 195335|0.020 / 195335|22 Feb 2019 7:11 PM|2019-02-24 00:40:36
3|KEN|KEN HOLDINGS BHD|Main|7323|0.94|0.555|0.710|0.710|0.680|0.68|-0.02|-2.86|0.700 / 30|0.700 / 30|0.700 / 30|22 Feb 2019 7:11 PM|2019-02-24 00:40:36
3|KSL|KSL HOLDINGS BHD|Main|5038|1.05|0.675|0.860|0.865|0.850|0.855|-0.015|-1.72|0.855 / 327|0.855 / 327|0.855 / 327|22 Feb 2019 7:11 PM|2019-02-24 00:40:36
3|L%26G|LAND & GENERAL BHD|Main|3174|0.205|0.13|0.155|0.155|0.150|0.15|-0.005|-3.23|0.150 / 14377|0.150 / 14377|0.150 / 14377|22 Feb 2019 7:11 PM|2019-02-24 00:40:36
3|LBICAP|LBI CAPITAL BHD|Main|8494|1.3|0.63|-|-|-|0.685|0.0|0.0|0.685 / 35|0.685 / 35|0.685 / 35|22 Feb 2019 7:11 PM|2019-02-24 00:40:36
3|LBS|LBS BINA GROUP BHD|Main|5789|1.12|0.6|0.695|0.695|0.685|0.685|-0.01|-1.44|0.685 / 1280|0.685 / 1280|0.685 / 1280|22 Feb 2019 7:11 PM|2019-02-24 00:40:36
3|LBS-PA|LBS BINA GROUP BERHAD - REDEEMABLE CONVERTIBLE PREFERENCE SHARES|Main|5789PA|1.16|0.8|-|-|-|0.84|0.0|0.0|0.840 / 201|0.840 / 201|0.840 / 201|22 Feb 2019 7:11 PM|2019-02-24 00:40:36
3|LBS-WB|LBS BINA GROUP BERHAD - WARRANTS B|Main|5789WB|0.56|0.2|0.250|0.250|0.250|0.25|0.01|4.17|0.240 / 200|0.240 / 200|0.240 / 200|22 Feb 2019 7:11 PM|2019-02-24 00:40:36
3|LIENHOE|LIEN HOE CORPORATION BHD|Main|3573|0.48|0.275|0.280|0.280|0.275|0.28|0.0|0.0|0.275 / 715|0.275 / 715|0.275 / 715|22 Feb 2019 7:11 PM|2019-02-24 00:40:36
3|MAGNA|MAGNA PRIMA BHD|Main|7617|1.26|0.84|0.900|0.900|0.895|0.895|0.0|0.0|0.885 / 200|0.885 / 200|0.885 / 200|22 Feb 2019 7:11 PM|2019-02-24 00:40:36
3|MAGNA-WB|MAGNA PRIMA BERHAD-WARRANTS B 15/20|Main|7617WB|0.4|0.16|0.185|0.195|0.185|0.195|-0.015|-7.14|0.185 / 300|0.185 / 300|0.185 / 300|22 Feb 2019 7:11 PM|2019-02-24 00:40:36
3|MAHSING|MAH SING GROUP BHD|Main|8583|1.35|0.89|1.010|1.020|0.980|1.0|0.0|0.0|0.995 / 477|0.995 / 477|0.995 / 477|22 Feb 2019 7:11 PM|2019-02-24 00:40:36
3|MAHSING-WC|MAH SING GROUP BERHAD - WARRANTS C|Main|8583WC|0.125|0.01|0.020|0.020|0.020|0.02|-0.005|-20.0|0.020 / 15056|0.020 / 15056|0.020 / 15056|22 Feb 2019 7:11 PM|2019-02-24 00:40:36
3|MALTON|MALTON BHD|Main|6181|0.975|0.39|0.560|0.580|0.555|0.555|-0.005|-0.89|0.555 / 350|0.555 / 350|0.555 / 350|22 Feb 2019 7:11 PM|2019-02-24 00:40:36
3|MATRIX|MATRIX CONCEPTS HOLDINGS BHD|Main|5236|2.25|1.83|1.980|1.980|1.940|1.96|-0.01|-0.51|1.950 / 351|1.950 / 351|1.950 / 351|22 Feb 2019 7:11 PM|2019-02-24 00:40:36
3|MATRIX-WA|MATRIX CONCEPTS HOLDINGS BERHAD - WARRANTS A|Main|5236WA|0.34|0.105|0.155|0.155|0.140|0.145|-0.015|-9.38|0.140 / 600|0.140 / 600|0.140 / 600|22 Feb 2019 7:11 PM|2019-02-24 00:40:36
3|MBWORLD|MB WORLD GROUP BERHAD|Main|7189|2.24|1.54|1.600|1.680|1.600|1.68|-0.02|-1.18|1.600 / 130|1.600 / 130|1.600 / 130|22 Feb 2019 7:11 PM|2019-02-24 00:40:36
3|MCT|MCT BERHAD|Main|5182|0.965|0.6|-|-|-|0.66|0.0|0.0|0.595 / 120|0.595 / 120|0.595 / 120|22 Feb 2019 7:11 PM|2019-02-24 00:40:36
3|MEDAINC|MEDA INC. BHD|Main|5040|0.51|0.265|0.295|0.300|0.290|0.29|-0.01|-3.33|0.285 / 100|0.285 / 100|0.285 / 100|22 Feb 2019 7:11 PM|2019-02-24 00:40:36
3|MEDAINC-WA|MEDA INC. BHD-WARRANTS 11/21|Main|5040WA|0.12|0.045|-|-|-|0.095|0.0|0.0|0.055 / 400|0.055 / 400|0.055 / 400|22 Feb 2019 7:11 PM|2019-02-24 00:40:36
3|MEDAINC-WB|MEDA INC.BHD-WB 2012/2022|Main|5040WB|0.07|0.015|0.020|0.025|0.020|0.02|0.005|33.33|0.015 / 12380|0.015 / 12380|0.015 / 12380|22 Feb 2019 7:11 PM|2019-02-24 00:40:36
3|MEDAINC-WC|MEDA INC. BHD- WARRANTS C 14/24|Main|5040WC|0.06|0.02|-|-|-|0.03|0.0|0.0|0.020 / 4958|0.020 / 4958|0.020 / 4958|22 Feb 2019 7:11 PM|2019-02-24 00:40:36
3|MENANG|MENANG CORPORATION (M) BHD|Main|1694|0.545|0.34|0.350|0.400|0.350|0.4|0.015|3.9|0.385 / 27|0.385 / 27|0.385 / 27|22 Feb 2019 7:11 PM|2019-02-24 00:40:36
3|MENANG-WB|MENANG CORPORATION (M) BHD-WARRANTS B 14/19|Main|1694WB|0.2|0.01|0.010|0.010|0.010|0.01|-0.005|-33.33|0.010 / 20582|0.010 / 20582|0.010 / 20582|22 Feb 2019 7:11 PM|2019-02-24 00:40:36
3|MJPERAK|MAJUPERAK HOLDINGS BHD|Main|8141|0.37|0.19|-|-|-|0.235|0.0|0.0|0.220 / 1588|0.220 / 1588|0.220 / 1588|22 Feb 2019 7:11 PM|2019-02-24 00:40:36
3|MKH|MKH BERHAD|Main|6114|1.68|1.11|1.250|1.250|1.220|1.23|-0.02|-1.6|1.220 / 480|1.220 / 480|1.220 / 480|22 Feb 2019 7:11 PM|2019-02-24 00:40:36
3|MKLAND|MK LAND HOLDINGS BHD|Main|8893|0.28|0.16|0.205|0.205|0.200|0.2|-0.005|-2.44|0.200 / 6514|0.200 / 6514|0.200 / 6514|22 Feb 2019 7:11 PM|2019-02-24 00:40:36
3|MPCORP|MALAYSIA PACIFIC CORP BHD|Main|6548|0.105|0.02|-|-|-|0.045|0.0|0.0|0.000 / 0|0.000 / 0|0.000 / 0|22 Feb 2019 7:11 PM|2019-02-24 00:40:36
3|MRCB|MALAYSIAN RESOURCES CORPORATION BERHAD|Main|1651|1.18|0.55|0.835|0.845|0.820|0.845|0.005|0.6|0.840 / 300|0.840 / 300|0.840 / 300|22 Feb 2019 7:11 PM|2019-02-24 00:40:36
3|MRCB-WB|MALAYSIAN RESOURCES CORPORATION BERHAD - WARRANTS B 2017/2027|Main|1651WB|0.37|0.18|0.255|0.260|0.250|0.26|0.0|0.0|0.255 / 50|0.255 / 50|0.255 / 50|22 Feb 2019 7:11 PM|2019-02-24 00:40:36
3|MUH|MULTI-USAGE HOLDINGS BHD|Main|9539|0.64|0.39|0.420|0.420|0.420|0.42|-0.03|-6.67|0.410 / 50|0.410 / 50|0.410 / 50|22 Feb 2019 7:11 PM|2019-02-24 00:40:36
3|MUIPROP|MUI PROPERTIES BHD|Main|3913|0.32|0.185|0.190|0.195|0.185|0.195|0.0|0.0|0.195 / 20044|0.195 / 20044|0.195 / 20044|22 Feb 2019 7:11 PM|2019-02-24 00:40:36
3|NAIM|NAIM HOLDINGS BHD|Main|5073|1.08|0.43|0.730|0.750|0.720|0.745|0.005|0.68|0.740 / 1009|0.740 / 1009|0.740 / 1009|22 Feb 2019 7:11 PM|2019-02-24 00:40:36
3|OIB|ORIENTAL INTEREST BHD|Main|5827|2.28|1.95|-|-|-|2.05|0.0|0.0|2.060 / 20|2.060 / 20|2.060 / 20|22 Feb 2019 7:11 PM|2019-02-24 00:40:36
3|OSK|OSK HOLDINGS BHD|Main|5053|1.05|0.835|0.980|0.985|0.970|0.98|-0.005|-0.51|0.970 / 79|0.970 / 79|0.970 / 79|22 Feb 2019 7:11 PM|2019-02-24 00:40:36
3|OSK-WC|OSK HOLDINGS BERHAD-WARRANTS C 15/20|Main|5053WC|0.21|0.035|0.060|0.060|0.055|0.055|0.0|0.0|0.050 / 4800|0.050 / 4800|0.050 / 4800|22 Feb 2019 7:11 PM|2019-02-24 00:40:36
3|PARAMON|PARAMOUNT CORPORATION BHD|Main|1724|2.26|1.77|2.200|2.200|2.200|2.2|0.0|0.0|2.160 / 50|2.160 / 50|2.160 / 50|22 Feb 2019 7:11 PM|2019-02-24 00:40:36
3|PASDEC|PASDEC HOLDINGS BHD|Main|6912|0.6|0.3|-|-|-|0.415|0.0|0.0|0.400 / 200|0.400 / 200|0.400 / 200|22 Feb 2019 7:11 PM|2019-02-24 00:40:36
3|PASDEC-WA|PASDEC HOLDINGS BERHAD - WARRANTS A 2018/2023|Main|6912WA|0.155|0.045|-|-|-|0.085|0.0|0.0|0.080 / 1050|0.080 / 1050|0.080 / 1050|22 Feb 2019 7:11 PM|2019-02-24 00:40:36
3|PHB|PEGASUS HEIGHTS BERHAD|Main|4464|0.045|0.015|0.020|0.020|0.020|0.02|0.0|0.0|0.020 / 5150|0.020 / 5150|0.020 / 5150|22 Feb 2019 7:11 PM|2019-02-24 00:40:36
3|PLB|PLB ENGINEERING BHD|Main|7055|1.8|1.12|-|-|-|1.26|0.0|0.0|1.180 / 12|1.180 / 12|1.180 / 12|22 Feb 2019 7:11 PM|2019-02-24 00:40:36
3|PLENITU|PLENITUDE BHD|Main|5075|1.65|1.35|1.490|1.490|1.490|1.49|0.01|0.68|1.480 / 109|1.480 / 109|1.480 / 109|22 Feb 2019 7:11 PM|2019-02-24 00:40:36
3|RAPID|RAPID SYNERGY BHD|Main|7765|6.15|5.21|5.820|5.850|5.720|5.85|0.02|0.34|5.760 / 50|5.760 / 50|5.760 / 50|22 Feb 2019 7:11 PM|2019-02-24 00:40:36
3|SAPRES|SAPURA RESOURCES BHD|Main|4596|1.12|0.6|0.660|0.660|0.660|0.66|0.0|0.0|0.640 / 1|0.640 / 1|0.640 / 1|22 Feb 2019 7:11 PM|2019-02-24 00:40:36
3|SBCCORP|SBC CORPORATION BHD|Main|5207|0.63|0.4|0.495|0.510|0.495|0.51|0.0|0.0|0.500 / 1|0.500 / 1|0.500 / 1|22 Feb 2019 7:11 PM|2019-02-24 00:40:36
3|SDRED|SELANGOR DREDGING BHD|Main|2224|0.96|0.6|0.660|0.665|0.660|0.66|0.0|0.0|0.655 / 2720|0.655 / 2720|0.655 / 2720|22 Feb 2019 7:11 PM|2019-02-24 00:40:36
3|SEAL|SEAL INCORPORATED BHD|Main|4286|0.47|0.285|0.355|0.360|0.350|0.36|-0.005|-1.37|0.350 / 291|0.350 / 291|0.350 / 291|22 Feb 2019 7:11 PM|2019-02-24 00:40:36
3|SHL|SHL CONSOLIDATED BHD|Main|6017|2.7|2.18|2.380|2.380|2.380|2.38|0.03|1.28|2.350 / 50|2.350 / 50|2.350 / 50|22 Feb 2019 7:11 PM|2019-02-24 00:40:36
3|SIMEPROP|SIME DARBY PROPERTY BERHAD|Main|5288|1.51|0.905|1.160|1.170|1.110|1.14|-0.03|-2.56|1.120 / 50|1.120 / 50|1.120 / 50|22 Feb 2019 7:11 PM|2019-02-24 00:40:36
3|SMI|SOUTH MALAYSIA INDUSTRIES BHD|Main|4375|0.25|0.135|-|-|-|0.18|0.0|0.0|0.165 / 300|0.165 / 300|0.165 / 300|22 Feb 2019 7:11 PM|2019-02-24 00:40:36
3|SNTORIA|SENTORIA GROUP BERHAD|Main|5213|0.67|0.345|-|-|-|0.45|0.0|0.0|0.385 / 100|0.385 / 100|0.385 / 100|22 Feb 2019 7:11 PM|2019-02-24 00:40:36
3|SNTORIA-WA|SENTORIA GROUP BERHAD-WARRANTS A|Main|5213WA|0.19|0.005|-|-|-|0.005|0.0|0.0|0.000 / 0|0.000 / 0|0.000 / 0|22 Feb 2019 7:11 PM|2019-02-24 00:40:36
3|SNTORIA-WB|SENTORIA GROUP BERHAD-WARRANTS B 2018/2025|Main|5213WB|0.22|0.06|-|-|-|0.07|0.0|0.0|0.065 / 1000|0.065 / 1000|0.065 / 1000|22 Feb 2019 7:11 PM|2019-02-24 00:40:36
3|SPB|SELANGOR PROPERTIES BHD|Main|1783|6.23|3.95|6.220|6.230|6.220|6.22|0.0|0.0|6.220 / 2193|6.220 / 2193|6.220 / 2193|22 Feb 2019 7:11 PM|2019-02-24 00:40:36
3|SPSETIA|SP SETIA BHD|Main|8664|3.39|1.93|2.550|2.550|2.540|2.55|0.0|0.0|2.540 / 7205|2.540 / 7205|2.540 / 7205|22 Feb 2019 7:11 PM|2019-02-24 00:40:36
3|SPSETIA-PA|S P SETIA BERHAD - ISLAMIC REDEEMABLE CONVERTIBLE PREFERENCE SHARES (RCPS-I)|Main|8664PA|1.09|0.8|-|-|-|0.9|0.0|0.0|0.875 / 100|0.875 / 100|0.875 / 100|22 Feb 2019 7:11 PM|2019-02-24 00:40:36
3|SPSETIA-PB|S P SETIA BERHAD - ISLAMIC REDEEMABLE CONVERTIBLE PREFERENCE SHARES B (RCPS-I B)|Main|8664PB|0.9|0.67|0.780|0.780|0.780|0.78|-0.005|-0.64|0.760 / 52|0.760 / 52|0.760 / 52|22 Feb 2019 7:11 PM|2019-02-24 00:40:36
3|SUNSURIA|SUNSURIA BERHAD|Main|3743|1.32|0.58|0.660|0.660|0.635|0.635|-0.03|-4.51|0.635 / 691|0.635 / 691|0.635 / 691|22 Feb 2019 7:11 PM|2019-02-24 00:40:36
3|SUNSURIA-WA|SUNSURIA BERHAD - WARRANTS A 2015/2020|Main|3743WA|0.31|0.035|0.050|0.050|0.050|0.05|0.0|0.0|0.045 / 830|0.045 / 830|0.045 / 830|22 Feb 2019 7:11 PM|2019-02-24 00:40:36
3|SYMLIFE|SYMPHONY LIFE BERHAD|Main|1538|0.81|0.32|0.400|0.400|0.390|0.39|-0.01|-2.5|0.390 / 567|0.390 / 567|0.390 / 567|22 Feb 2019 7:11 PM|2019-02-24 00:40:36
3|SYMLIFE-WB|SYMPHONY LIFE BERHAD-WB 13/20|Main|1538WB|0.185|0.025|0.025|0.030|0.025|0.03|-0.005|-14.29|0.025 / 13133|0.025 / 13133|0.025 / 13133|22 Feb 2019 7:11 PM|2019-02-24 00:40:36
3|TADMAX|TADMAX RESOURCES BERHAD|Main|4022|0.3|0.165|0.245|0.250|0.245|0.245|-0.01|-3.92|0.245 / 5235|0.245 / 5235|0.245 / 5235|22 Feb 2019 7:11 PM|2019-02-24 00:40:36
3|TAGB|TA GLOBAL BHD|Main|5158|0.37|0.24|0.275|0.275|0.270|0.275|-0.005|-1.79|0.270 / 712|0.270 / 712|0.270 / 712|22 Feb 2019 7:11 PM|2019-02-24 00:40:36
3|TALAMT|TALAM TRANSFORM BERHAD|Main|2259|0.045|0.025|0.035|0.035|0.030|0.035|0.005|16.67|0.030 / 362666|0.030 / 362666|0.030 / 362666|22 Feb 2019 7:11 PM|2019-02-24 00:40:36
3|TAMBUN|TAMBUN INDAH LAND BERHAD|Main|5191|1.05|0.71|0.790|0.790|0.780|0.785|0.0|0.0|0.780 / 733|0.780 / 733|0.780 / 733|22 Feb 2019 7:11 PM|2019-02-24 00:40:36
3|TANCO|TANCO HOLDINGS BHD|Main|2429|0.145|0.045|0.060|0.065|0.055|0.065|0.005|8.33|0.060 / 1779|0.060 / 1779|0.060 / 1779|22 Feb 2019 7:11 PM|2019-02-24 00:40:36
3|TANCO-WB|TANCO HOLDINGS BERHAD - WARRANTS B 2018/2021|Main|2429WB|0.05|0.02|0.030|0.030|0.030|0.03|0.0|0.0|0.030 / 1983|0.030 / 1983|0.030 / 1983|22 Feb 2019 7:11 PM|2019-02-24 00:40:36
3|THRIVEN|THRIVEN GLOBAL BERHAD|Main|7889|0.65|0.175|0.225|0.225|0.220|0.22|-0.005|-2.22|0.220 / 1239|0.220 / 1239|0.220 / 1239|22 Feb 2019 7:11 PM|2019-02-24 00:40:36
3|THRIVEN-WB|THRIVEN GLOBAL BERHAD-WARRANTS B 15/20|Main|7889WB|0.365|0.025|-|-|-|0.085|0.0|0.0|0.080 / 929|0.080 / 929|0.080 / 929|22 Feb 2019 7:11 PM|2019-02-24 00:40:36
3|TIGER|TIGER SYNERGY BERHAD|Main|7079|0.12|0.02|0.075|0.080|0.075|0.08|0.0|0.0|0.075 / 125445|0.075 / 125445|0.075 / 125445|22 Feb 2019 7:11 PM|2019-02-24 00:40:36
3|TIGER-WC|TIGER SYNERGY BERHAD - WARRANTS 2016-2021|Main|7079WC|0.05|0.005|0.020|0.020|0.020|0.02|0.0|0.0|0.020 / 1099|0.020 / 1099|0.020 / 1099|22 Feb 2019 7:11 PM|2019-02-24 00:40:36
3|TITIJYA|TITIJAYA LAND BERHAD|Main|5239|0.68|0.285|0.340|0.340|0.325|0.33|-0.01|-2.94|0.325 / 2133|0.325 / 2133|0.325 / 2133|22 Feb 2019 7:11 PM|2019-02-24 00:40:36
3|TITIJYA-PA|TITIJAYA LAND BERHAD - ICPS 2017/2022|Main|5239PA|0.1|0.03|0.030|0.030|0.030|0.03|-0.005|-14.29|0.030 / 31577|0.030 / 31577|0.030 / 31577|22 Feb 2019 7:11 PM|2019-02-24 00:40:36
3|TROP|TROPICANA CORPORATION BERHAD|Main|5401|0.93|0.805|0.870|0.870|0.870|0.87|-0.01|-1.14|0.865 / 940|0.865 / 940|0.865 / 940|22 Feb 2019 7:11 PM|2019-02-24 00:40:36
3|TROP-WA|TROPICANA CORP BHD-WA 09/19|Main|5401WA|0.19|0.03|0.040|0.045|0.035|0.035|-0.01|-22.22|0.035 / 2000|0.035 / 2000|0.035 / 2000|22 Feb 2019 7:11 PM|2019-02-24 00:40:36
3|UEMS|UEM SUNRISE BERHAD|Main|5148|1.16|0.62|0.855|0.855|0.835|0.85|-0.02|-2.3|0.845 / 257|0.845 / 257|0.845 / 257|22 Feb 2019 7:11 PM|2019-02-24 00:40:36
3|UOADEV|UOA DEVELOPMENT BERHAD|Main|5200|2.71|1.84|2.340|2.350|2.270|2.3|-0.04|-1.71|2.290 / 30|2.290 / 30|2.290 / 30|22 Feb 2019 7:11 PM|2019-02-24 00:40:36
3|WMG|WMG HOLDINGS BERHAD|Main|6378|0.255|0.105|0.120|0.125|0.120|0.125|0.0|0.0|0.120 / 500|0.120 / 500|0.120 / 500|22 Feb 2019 7:11 PM|2019-02-24 00:40:36
3|Y%26G|Y&G CORPORATION BHD|Main|7003|1.0|0.91|-|-|-|0.91|0.0|0.0|0.000 / 0|0.000 / 0|0.000 / 0|22 Feb 2019 7:11 PM|2019-02-24 00:40:36
3|Y%26G-WA|Y&G CORPORATION BHD - WARRANTS A 14/19|Main|7003WA|0.18|0.1|-|-|-|0.1|0.0|0.0|0.005 / 1000|0.005 / 1000|0.005 / 1000|22 Feb 2019 7:11 PM|2019-02-24 00:40:36
3|YNHPROP|YNH PROPERTY BHD|Main|3158|1.66|1.04|1.240|1.260|1.240|1.24|-0.01|-0.8|1.230 / 1050|1.230 / 1050|1.230 / 1050|22 Feb 2019 7:11 PM|2019-02-24 00:40:36
3|YONGTAI|YONG TAI BHD|Main|7066|1.59|0.3|0.380|0.380|0.365|0.365|-0.015|-3.95|0.365 / 967|0.365 / 967|0.365 / 967|22 Feb 2019 7:11 PM|2019-02-24 00:40:36
3|YONGTAI-PA|YONG TAI BERHAD - ICPS 2016/2026|Main|7066PA|1.2|0.24|0.245|0.250|0.245|0.25|0.0|0.0|0.245 / 2320|0.245 / 2320|0.245 / 2320|22 Feb 2019 7:11 PM|2019-02-24 00:40:36
3|YONGTAI-WA|YONG TAI BERHAD - WARRANTS 2015/2020|Main|7066WA|1.09|0.13|0.145|0.145|0.145|0.145|-0.005|-3.33|0.140 / 1684|0.140 / 1684|0.140 / 1684|22 Feb 2019 7:11 PM|2019-02-24 00:40:36
3|YTLLAND|YTL LAND & DEVELOPMENT BHD|Main|2577|0.51|0.37|-|-|-|0.405|0.0|0.0|0.400 / 2000|0.400 / 2000|0.400 / 2000|22 Feb 2019 7:11 PM|2019-02-24 00:40:36
4|EDEN|EDEN INC. BHD|Main|7471|0.47|0.09|0.120|0.125|0.120|0.125|0.0|0.0|0.120 / 949|0.120 / 949|0.120 / 949|22 Feb 2019 7:11 PM|2019-02-24 00:40:36
4|EDEN-WB|EDEN INC. BERHAD - WARRANTS B 2018/2021|Main|7471WB|0.15|0.03|-|-|-|0.05|0.0|0.0|0.045 / 12045|0.045 / 12045|0.045 / 12045|22 Feb 2019 7:11 PM|2019-02-24 00:40:36
4|GASMSIA|GAS MALAYSIA BERHAD|Main|5209|3.01|2.68|2.870|2.890|2.840|2.89|0.01|0.35|2.850 / 100|2.850 / 100|2.850 / 100|22 Feb 2019 7:11 PM|2019-02-24 00:40:36
4|KPS|KUMPULAN PERANGSANG SELANGOR|Main|5843|2.06|1.17|1.450|1.450|1.410|1.41|-0.03|-2.08|1.410 / 134|1.410 / 134|1.410 / 134|22 Feb 2019 7:11 PM|2019-02-24 00:40:36
4|MALAKOF|MALAKOFF CORPORATION BERHAD|Main|5264|1.04|0.745|0.880|0.905|0.870|0.895|0.02|2.29|0.895 / 1856|0.895 / 1856|0.895 / 1856|22 Feb 2019 7:11 PM|2019-02-24 00:40:36
4|MFCB|MEGA FIRST CORPORATION BHD|Main|3069|3.99|2.99|3.850|3.890|3.850|3.87|0.02|0.52|3.870 / 30|3.870 / 30|3.870 / 30|22 Feb 2019 7:11 PM|2019-02-24 00:40:36
4|MFCB-WA|MEGA FIRST CORPORATION BERHAD - WARRANTS A 2016/2020|Main|3069WA|1.94|1.01|1.740|1.740|1.730|1.73|-0.03|-1.7|1.720 / 11|1.720 / 11|1.720 / 11|22 Feb 2019 7:11 PM|2019-02-24 00:40:36
4|PBA|PBA HOLDINGS BHD|Main|5041|1.3|1.02|1.240|1.240|1.240|1.24|-0.01|-0.8|1.220 / 230|1.220 / 230|1.220 / 230|22 Feb 2019 7:11 PM|2019-02-24 00:40:36
4|PETGAS|PETRONAS GAS BHD|Main|6033|20.0|16.92|18.200|18.300|18.100|18.2|0.0|0.0|18.120 / 87|18.120 / 87|18.120 / 87|22 Feb 2019 7:11 PM|2019-02-24 00:40:36
4|RANHILL|RANHILL HOLDINGS BERHAD|Main|5272|1.52|0.65|1.400|1.400|1.330|1.36|-0.04|-2.86|1.360 / 866|1.360 / 866|1.360 / 866|22 Feb 2019 7:11 PM|2019-02-24 00:40:36
4|SALCON|SALCON BHD|Main|8567|0.475|0.22|0.255|0.255|0.245|0.245|-0.005|-2.0|0.245 / 2160|0.245 / 2160|0.245 / 2160|22 Feb 2019 7:11 PM|2019-02-24 00:40:36
4|SALCON-WB|SALCON BERHAD - WARRANTS B 2018/2025|Main|8567WB|0.18|0.055|0.075|0.080|0.075|0.08|0.0|0.0|0.075 / 6659|0.075 / 6659|0.075 / 6659|22 Feb 2019 7:11 PM|2019-02-24 00:40:36
4|TALIWRK|TALIWORKS CORPORATION BHD|Main|8524|1.49|0.685|0.905|0.910|0.880|0.89|-0.02|-2.2|0.885 / 100|0.885 / 100|0.885 / 100|22 Feb 2019 7:11 PM|2019-02-24 00:40:36
4|TENAGA|TENAGA NASIONAL BHD|Main|5347|16.34|12.52|13.480|13.480|13.320|13.44|-0.06|-0.44|13.440 / 144|13.440 / 144|13.440 / 144|22 Feb 2019 7:11 PM|2019-02-24 00:40:36
4|YTL|YTL CORPORATION BHD|Main|4677|1.5|0.915|1.150|1.160|1.130|1.15|-0.01|-0.86|1.140 / 20|1.140 / 20|1.140 / 20|22 Feb 2019 7:11 PM|2019-02-24 00:40:36
4|YTLPOWR|YTL POWER INTERNATIONAL BHD|Main|6742|1.27|0.73|0.935|0.935|0.905|0.915|-0.015|-1.61|0.910 / 516|0.910 / 516|0.910 / 516|22 Feb 2019 7:11 PM|2019-02-24 00:40:36
5|ABMB|ALLIANCE BANK MALAYSIA BERHAD|Main|2488|4.49|3.76|4.220|4.260|4.220|4.25|0.0|0.0|4.220 / 50|4.220 / 50|4.220 / 50|22 Feb 2019 7:11 PM|2019-02-24 00:40:36
5|AEONCR|AEON CREDIT SERVICE (M) BHD|Main|5139|17.3|12.1|17.000|17.140|16.720|17.0|0.06|0.35|16.720 / 1|16.720 / 1|16.720 / 1|22 Feb 2019 7:11 PM|2019-02-24 00:40:36
5|AFFIN|AFFIN BANK BERHAD|Main|5185|2.63|2.18|2.300|2.310|2.300|2.31|0.01|0.43|2.310 / 62|2.310 / 62|2.310 / 62|22 Feb 2019 7:11 PM|2019-02-24 00:40:36
5|ALLIANZ|ALLIANZ MALAYSIA BHD|Main|1163|14.76|10.44|14.120|14.760|14.120|14.48|0.48|3.43|14.460 / 1|14.460 / 1|14.460 / 1|22 Feb 2019 7:11 PM|2019-02-24 00:40:36
5|ALLIANZ-PA|ALLIANZ MALAYSIA BHD-ICPS|Main|1163PA|14.5|10.4|14.300|14.500|14.300|14.5|0.98|7.25|14.000 / 10|14.000 / 10|14.000 / 10|22 Feb 2019 7:11 PM|2019-02-24 00:40:36
5|AMBANK|AMMB HOLDINGS BHD|Main|1015|4.68|3.4|4.550|4.590|4.550|4.58|0.03|0.66|4.560 / 68|4.560 / 68|4.560 / 68|22 Feb 2019 7:11 PM|2019-02-24 00:40:36
5|APEX|APEX EQUITY HOLDINGS BHD|Main|5088|1.56|0.9|1.000|1.000|0.995|0.995|-0.005|-0.5|0.995 / 50|0.995 / 50|0.995 / 50|22 Feb 2019 7:11 PM|2019-02-24 00:40:36
5|BIMB|BIMB HOLDINGS BHD|Main|5258|4.3|3.4|4.280|4.300|4.260|4.28|-0.02|-0.47|4.220 / 30|4.220 / 30|4.220 / 30|22 Feb 2019 7:11 PM|2019-02-24 00:40:36
5|BIMB-WA|BIMB HOLDINGS BERHAD-WA 13/23|Main|5258WA|0.31|0.115|0.295|0.300|0.280|0.29|-0.01|-3.33|0.285 / 300|0.285 / 300|0.285 / 300|22 Feb 2019 7:11 PM|2019-02-24 00:40:36
5|BURSA|BURSA MALAYSIA BHD|Main|1818|11.48|6.72|7.200|7.300|7.170|7.18|0.0|0.0|7.180 / 662|7.180 / 662|7.180 / 662|22 Feb 2019 7:11 PM|2019-02-24 00:40:36
5|CIMB|CIMB GROUP HOLDINGS BERHAD|Main|1023|7.39|5.21|5.850|5.880|5.790|5.84|0.0|0.0|5.800 / 13|5.800 / 13|5.800 / 13|22 Feb 2019 7:11 PM|2019-02-24 00:40:36
5|ECM|ECM LIBRA FINANCIAL GRP BHD|Main|2143|0.57|0.24|-|-|-|0.325|0.0|0.0|0.275 / 228|0.275 / 228|0.275 / 228|22 Feb 2019 7:11 PM|2019-02-24 00:40:36
5|ELKDESA|ELK-DESA RESOURCES BERHAD|Main|5228|1.35|1.13|1.340|1.350|1.330|1.33|-0.01|-0.75|1.330 / 9|1.330 / 9|1.330 / 9|22 Feb 2019 7:11 PM|2019-02-24 00:40:36
5|HLBANK|HONG LEONG BANK BHD|Main|5819|21.66|17.56|21.400|21.400|21.120|21.22|-0.16|-0.75|21.200 / 4536|21.200 / 4536|21.200 / 4536|22 Feb 2019 7:11 PM|2019-02-24 00:40:36
5|HLCAP|HONG LEONG CAPITAL BERHAD|Main|5274|0.0|0.0|-|-|-|9.6|0.0|0.0|0.000 / 0|0.000 / 0|0.000 / 0|22 Feb 2019 7:11 PM|2019-02-24 00:40:36
5|HLFG|HONG LEONG FINANCIAL GROUP BHD|Main|1082|20.4|17.38|19.900|20.120|19.860|20.0|-0.12|-0.6|20.000 / 214|20.000 / 214|20.000 / 214|22 Feb 2019 7:11 PM|2019-02-24 00:40:36
5|INSAS|INSAS BHD|Main|3379|0.94|0.645|0.830|0.845|0.810|0.82|-0.03|-3.53|0.815 / 1575|0.815 / 1575|0.815 / 1575|22 Feb 2019 7:11 PM|2019-02-24 00:40:36
5|INSAS-PA|INSAS BERHAD-PREFERENCE SHARES A|Main|3379PA|1.0|0.95|0.975|0.975|0.975|0.975|0.0|0.0|0.975 / 183|0.975 / 183|0.975 / 183|22 Feb 2019 7:11 PM|2019-02-24 00:40:36
5|INSAS-WB|INSAS BERHAD - WB 15/20|Main|3379WB|0.31|0.04|0.115|0.115|0.100|0.1|-0.025|-20.0|0.100 / 635|0.100 / 635|0.100 / 635|22 Feb 2019 7:11 PM|2019-02-24 00:40:36
5|JOHAN|JOHAN HOLDINGS BHD|Main|3441|0.345|0.07|0.100|0.105|0.095|0.1|-0.005|-4.76|0.095 / 9119|0.095 / 9119|0.095 / 9119|22 Feb 2019 7:11 PM|2019-02-24 00:40:36
5|KENANGA|KENANGA INVESTMENT BANK BERHAD|Main|6483|0.78|0.55|0.575|0.580|0.570|0.58|0.005|0.87|0.570 / 799|0.570 / 799|0.570 / 799|22 Feb 2019 7:11 PM|2019-02-24 00:40:36
5|KUCHAI|KUCHAI DEVELOPMENT BHD|Main|2186|2.9|1.57|1.650|1.650|1.640|1.65|0.0|0.0|1.640 / 90|1.640 / 90|1.640 / 90|22 Feb 2019 7:11 PM|2019-02-24 00:40:36
5|LPI|LPI CAPITAL BHD|Main|8621|19.98|15.64|16.380|16.380|16.280|16.32|0.0|0.0|16.320 / 632|16.320 / 632|16.320 / 632|22 Feb 2019 7:11 PM|2019-02-24 00:40:36
5|MAA|MAA GROUP BERHAD|Main|1198|0.805|0.4|0.600|0.620|0.595|0.6|0.0|0.0|0.600 / 13|0.600 / 13|0.600 / 13|22 Feb 2019 7:11 PM|2019-02-24 00:40:36
5|MANULFE|MANULIFE HOLDINGS BERHAD|Main|1058|3.31|2.3|2.470|2.500|2.470|2.5|0.12|5.04|2.510 / 50|2.510 / 50|2.510 / 50|22 Feb 2019 7:11 PM|2019-02-24 00:40:36
5|MAYBANK|MALAYAN BANKING BHD|Main|1155|11.08|8.68|9.530|9.570|9.520|9.54|0.01|0.1|9.530 / 70|9.530 / 70|9.530 / 70|22 Feb 2019 7:11 PM|2019-02-24 00:40:36
5|MBSB|MALAYSIA BUILDING SOCIETY BHD|Main|1171|1.29|0.89|1.060|1.060|1.040|1.04|-0.02|-1.89|1.040 / 11536|1.040 / 11536|1.040 / 11536|22 Feb 2019 7:11 PM|2019-02-24 00:40:36
5|MNRB|MNRB HOLDINGS BHD|Main|6459|2.75|0.845|1.210|1.260|1.190|1.23|0.02|1.65|1.230 / 2|1.230 / 2|1.230 / 2|22 Feb 2019 7:11 PM|2019-02-24 00:40:36
5|MPHBCAP|MPHB Capital Berhad|Main|5237|1.6|1.01|1.180|1.180|1.130|1.17|-0.02|-1.68|1.150 / 51|1.150 / 51|1.150 / 51|22 Feb 2019 7:11 PM|2019-02-24 00:40:36
5|P%26O|PACIFIC & ORIENT BHD|Main|6009|1.3|0.98|1.000|1.000|1.000|1.0|0.0|0.0|1.000 / 847|1.000 / 847|1.000 / 847|22 Feb 2019 7:11 PM|2019-02-24 00:40:36
5|PBBANK|PUBLIC BANK BHD|Main|1295|26.16|22.14|24.920|25.020|24.900|24.98|-0.02|-0.08|24.980 / 1860|24.980 / 1860|24.980 / 1860|22 Feb 2019 7:11 PM|2019-02-24 00:40:36
5|RCECAP|RCE CAPITAL BHD|Main|9296|1.72|1.06|1.620|1.650|1.620|1.65|0.02|1.23|1.630 / 200|1.630 / 200|1.630 / 200|22 Feb 2019 7:11 PM|2019-02-24 00:40:36
5|RHBBANK|RHB BANK BERHAD|Main|1066|5.88|4.99|5.580|5.600|5.560|5.59|0.02|0.36|5.560 / 140|5.560 / 140|5.560 / 140|22 Feb 2019 7:11 PM|2019-02-24 00:40:36
5|TA|TA ENTERPRISE BHD|Main|4898|0.695|0.495|0.660|0.660|0.655|0.655|-0.005|-0.76|0.655 / 503|0.655 / 503|0.655 / 503|22 Feb 2019 7:11 PM|2019-02-24 00:40:36
5|TAKAFUL|SYARIKAT TAKAFUL MALAYSIA KELUARGA BERHAD|Main|6139|4.68|3.2|4.420|4.580|4.410|4.49|0.04|0.9|4.470 / 493|4.470 / 493|4.470 / 493|22 Feb 2019 7:11 PM|2019-02-24 00:40:36
5|TUNEPRO|TUNE PROTECT GROUP BERHAD|Main|5230|1.04|0.525|0.680|0.680|0.665|0.675|-0.01|-1.46|0.670 / 162|0.670 / 162|0.670 / 162|22 Feb 2019 7:11 PM|2019-02-24 00:40:36
6|AMEDIA|ASIA MEDIA GROUP BERHAD|Main|0159|0.175|0.075|0.160|0.160|0.155|0.155|-0.005|-3.13|0.155 / 2100|0.155 / 2100|0.155 / 2100|22 Feb 2019 7:11 PM|2019-02-24 00:40:36
6|AMTEL|AMTEL HOLDINGS BHD|Main|7031|0.7|0.61|-|-|-|0.655|0.0|0.0|0.665 / 150|0.665 / 150|0.665 / 150|22 Feb 2019 7:11 PM|2019-02-24 00:40:36
6|ASTRO|ASTRO MALAYSIA HOLDINGS BERHAD|Main|6399|2.57|1.05|1.670|1.680|1.640|1.65|-0.01|-0.6|1.640 / 2204|1.640 / 2204|1.640 / 2204|22 Feb 2019 7:11 PM|2019-02-24 00:40:36
6|AXIATA|AXIATA GROUP BERHAD|Main|6888|5.69|3.2|4.290|4.300|4.230|4.25|-0.05|-1.16|4.250 / 1654|4.250 / 1654|4.250 / 1654|22 Feb 2019 7:11 PM|2019-02-24 00:40:36
6|BJMEDIA|BERJAYA MEDIA BHD|Main|6025|0.375|0.12|-|-|-|0.195|0.0|0.0|0.175 / 15|0.175 / 15|0.175 / 15|22 Feb 2019 7:11 PM|2019-02-24 00:40:36
6|DIGI|DIGI.COM BHD|Main|6947|4.93|3.93|4.680|4.700|4.630|4.67|-0.03|-0.64|4.670 / 131|4.670 / 131|4.670 / 131|22 Feb 2019 7:11 PM|2019-02-24 00:40:36
6|ECOHLDS|ECOBUILT HOLDINGS BERHAD|Main|0059|0.405|0.18|0.270|0.285|0.270|0.285|0.0|0.0|0.270 / 1413|0.270 / 1413|0.270 / 1413|22 Feb 2019 7:11 PM|2019-02-24 00:40:36
6|GPACKET|GREEN PACKET BHD|Main|0082|0.505|0.28|0.375|0.385|0.365|0.365|-0.005|-1.35|0.365 / 652|0.365 / 652|0.365 / 652|22 Feb 2019 7:11 PM|2019-02-24 00:40:36
6|GPACKET-WB|GREEN PACKET BERHAD - WARRANTS B 2018/2023|Main|0082WB|0.13|0.05|0.095|0.095|0.090|0.09|-0.005|-5.26|0.090 / 8258|0.090 / 8258|0.090 / 8258|22 Feb 2019 7:11 PM|2019-02-24 00:40:36
6|MAXIS|MAXIS BERHAD|Main|6012|6.11|5.13|5.600|5.610|5.480|5.51|-0.16|-2.82|5.510 / 1|5.510 / 1|5.510 / 1|22 Feb 2019 7:11 PM|2019-02-24 00:40:36
6|MEDIA|MEDIA PRIMA BHD|Main|4502|0.63|0.25|0.410|0.440|0.410|0.43|0.025|6.17|0.425 / 6071|0.425 / 6071|0.425 / 6071|22 Feb 2019 7:11 PM|2019-02-24 00:40:36
6|MEDIAC|MEDIA CHINESE INTERNATIONAL LT|Main|5090|0.505|0.185|0.260|0.260|0.250|0.255|-0.01|-3.77|0.250 / 3100|0.250 / 3100|0.250 / 3100|22 Feb 2019 7:11 PM|2019-02-24 00:40:36
6|OCK|OCK GROUP BERHAD|Main|0172|0.86|0.4|0.600|0.600|0.590|0.595|-0.005|-0.83|0.590 / 1294|0.590 / 1294|0.590 / 1294|22 Feb 2019 7:11 PM|2019-02-24 00:40:36
6|OCK-WA|OCK GROUP BERHAD - WARRANTS A 2015/2020|Main|0172WA|0.265|0.065|0.110|0.110|0.105|0.11|0.0|0.0|0.105 / 15334|0.105 / 15334|0.105 / 15334|22 Feb 2019 7:11 PM|2019-02-24 00:40:36
6|PPG|PELANGI PUBLISHING GROUP BHD|Main|7190|0.54|0.33|0.400|0.400|0.400|0.4|0.0|0.0|0.375 / 100|0.375 / 100|0.375 / 100|22 Feb 2019 7:11 PM|2019-02-24 00:40:36
6|SASBADI|SASBADI HOLDINGS BHD|Main|5252|0.53|0.2|0.225|0.225|0.220|0.225|0.0|0.0|0.220 / 12765|0.220 / 12765|0.220 / 12765|22 Feb 2019 7:11 PM|2019-02-24 00:40:36
6|SJC|SENI JAYA CORPORATION BHD|Main|9431|0.86|0.53|-|-|-|0.65|0.0|0.0|0.580 / 51|0.580 / 51|0.580 / 51|22 Feb 2019 7:11 PM|2019-02-24 00:40:36
6|STAR|STAR MEDIA GROUP BERHAD|Main|6084|1.37|0.62|0.780|0.790|0.765|0.79|-0.005|-0.63|0.765 / 698|0.765 / 698|0.765 / 698|22 Feb 2019 7:11 PM|2019-02-24 00:40:36
6|TIMECOM|TIME DOTCOM BHD|Main|5031|8.51|7.06|8.250|8.250|8.200|8.2|-0.05|-0.61|8.110 / 5|8.110 / 5|8.110 / 5|22 Feb 2019 7:11 PM|2019-02-24 00:40:36
6|TM|TELEKOM MALAYSIA BHD|Main|4863|6.09|2.11|3.090|3.120|3.060|3.11|0.02|0.65|3.100 / 50|3.100 / 50|3.100 / 50|22 Feb 2019 7:11 PM|2019-02-24 00:40:36
6|UTUSAN|UTUSAN MELAYU (M) BHD|Main|5754|0.51|0.085|0.225|0.230|0.205|0.225|0.01|4.65|0.220 / 62|0.220 / 62|0.220 / 62|22 Feb 2019 7:11 PM|2019-02-24 00:40:36
7|3A|THREE-A RESOURCES BHD|Main|0012|1.16|0.7|0.850|0.865|0.850|0.86|0.0|0.0|0.850 / 770|0.850 / 770|0.850 / 770|22 Feb 2019 7:11 PM|2019-02-24 00:40:36
7|AAX|AIRASIA X BERHAD|Main|5238|0.45|0.205|0.265|0.270|0.260|0.26|-0.03|-10.34|0.260 / 141090|0.260 / 141090|0.260 / 141090|22 Feb 2019 7:11 PM|2019-02-24 00:40:36
7|AAX-WA|AIRASIA X BERHAD - WARRANTS  A  2015/2020|Main|5238WA|0.21|0.045|0.060|0.065|0.060|0.06|-0.015|-20.0|0.060 / 2647|0.060 / 2647|0.060 / 2647|22 Feb 2019 7:11 PM|2019-02-24 00:40:36
7|ACOSTEC|ACOUSTECH BHD|Main|7120|0.49|0.3|0.420|0.430|0.415|0.43|0.01|2.38|0.425 / 2044|0.425 / 2044|0.425 / 2044|22 Feb 2019 7:11 PM|2019-02-24 00:40:36
7|AEON|AEON CO. (M) BHD|Main|6599|2.65|1.39|1.540|1.610|1.530|1.57|0.03|1.95|1.570 / 426|1.570 / 426|1.570 / 426|22 Feb 2019 7:11 PM|2019-02-24 00:40:36
7|AHB|AHB HOLDINGS BHD|Main|7315|0.255|0.115|0.140|0.140|0.140|0.14|0.0|0.0|0.135 / 8266|0.135 / 8266|0.135 / 8266|22 Feb 2019 7:11 PM|2019-02-24 00:40:36
7|AHB-WB|AHB HOLDINGS BERHAD - WARRANTS B 2014/2019|Main|7315WB|0.12|0.005|0.005|0.010|0.005|0.01|0.0|0.0|0.005 / 9100|0.005 / 9100|0.005 / 9100|22 Feb 2019 7:11 PM|2019-02-24 00:40:36
7|AIRASIA|AIRASIA GROUP BERHAD|Main|5099|4.75|2.3|3.210|3.230|3.110|3.13|-0.16|-4.86|3.130 / 929|3.130 / 929|3.130 / 929|22 Feb 2019 7:11 PM|2019-02-24 00:40:36
7|AJI|AJINOMOTO (M) BHD|Main|2658|25.5|17.74|18.840|18.900|18.760|18.8|-0.14|-0.74|18.740 / 4|18.740 / 4|18.740 / 4|22 Feb 2019 7:11 PM|2019-02-24 00:40:36
7|AMTEK|AMTEK HOLDINGS BHD|Main|7051|0.36|0.14|-|-|-|0.28|0.0|0.0|0.255 / 200|0.255 / 200|0.255 / 200|22 Feb 2019 7:11 PM|2019-02-24 00:40:36
7|AMWAY|AMWAY (M) HOLDINGS BHD|Main|6351|8.52|5.6|6.000|6.100|6.000|6.1|0.1|1.67|6.000 / 1|6.000 / 1|6.000 / 1|22 Feb 2019 7:11 PM|2019-02-24 00:40:36
7|APFT|APFT BERHAD|Main|5194|0.035|0.005|0.020|0.020|0.020|0.02|-0.005|-20.0|0.020 / 500|0.020 / 500|0.020 / 500|22 Feb 2019 7:11 PM|2019-02-24 00:40:36
7|APOLLO|APOLLO FOOD HOLDINGS BHD|Main|6432|4.56|3.55|3.890|3.920|3.880|3.92|0.05|1.29|3.890 / 36|3.890 / 36|3.890 / 36|22 Feb 2019 7:11 PM|2019-02-24 00:40:36
7|ASB|ADVANCE SYNERGY BHD|Main|1481|0.24|0.105|0.135|0.140|0.130|0.135|0.005|3.85|0.135 / 5144|0.135 / 5144|0.135 / 5144|22 Feb 2019 7:11 PM|2019-02-24 00:40:36
7|ASIABRN|ASIA BRANDS BERHAD|Main|7722|0.9|0.325|0.375|0.375|0.375|0.375|-0.015|-3.85|0.380 / 18|0.380 / 18|0.380 / 18|22 Feb 2019 7:11 PM|2019-02-24 00:40:36
7|ASIAFLE|ASIA FILE CORPORATION BHD|Main|7129|2.98|2.38|2.580|2.610|2.580|2.61|0.0|0.0|2.550 / 16|2.550 / 16|2.550 / 16|22 Feb 2019 7:11 PM|2019-02-24 00:40:36
7|ATLAN|ATLAN HOLDINGS BHD|Main|7048|4.7|4.15|-|-|-|4.4|0.0|0.0|4.350 / 7|4.350 / 7|4.350 / 7|22 Feb 2019 7:11 PM|2019-02-24 00:40:36
7|AVI|AVILLION BERHAD|Main|8885|0.425|0.2|0.240|0.245|0.235|0.245|0.0|0.0|0.240 / 100|0.240 / 100|0.240 / 100|22 Feb 2019 7:11 PM|2019-02-24 00:40:36
7|BAT|BRITISH AMERICAN TOBACCO (M)|Main|4162|38.68|22.46|37.500|37.680|36.300|36.3|-1.0|-2.68|36.300 / 136|36.300 / 136|36.300 / 136|22 Feb 2019 7:11 PM|2019-02-24 00:40:36
7|BAUTO|BERMAZ AUTO BERHAD|Main|5248|2.47|1.8|2.240|2.250|2.210|2.22|0.0|0.0|2.210 / 160|2.210 / 160|2.210 / 160|22 Feb 2019 7:11 PM|2019-02-24 00:40:36
7|BIOOSMO|BIO OSMO BHD|Main|7243|0.07|0.03|0.060|0.060|0.055|0.055|-0.01|-15.38|0.055 / 81441|0.055 / 81441|0.055 / 81441|22 Feb 2019 7:11 PM|2019-02-24 00:40:36
7|BJFOOD|BERJAYA FOOD BERHAD|Main|5196|1.84|1.28|1.470|1.470|1.450|1.45|-0.02|-1.36|1.450 / 35|1.450 / 35|1.450 / 35|22 Feb 2019 7:11 PM|2019-02-24 00:40:36
7|BJLAND|BERJAYA LAND BHD|Main|4219|0.365|0.18|0.270|0.275|0.270|0.27|-0.005|-1.82|0.270 / 7043|0.270 / 7043|0.270 / 7043|22 Feb 2019 7:11 PM|2019-02-24 00:40:36
7|BJTOTO|BERJAYA SPORTS TOTO BHD|Main|1562|2.62|2.01|2.350|2.350|2.330|2.34|-0.01|-0.43|2.330 / 335|2.330 / 335|2.330 / 335|22 Feb 2019 7:11 PM|2019-02-24 00:40:36
7|BONIA|BONIA CORPORATION BHD|Main|9288|0.53|0.205|0.255|0.260|0.255|0.255|0.0|0.0|0.255 / 398|0.255 / 398|0.255 / 398|22 Feb 2019 7:11 PM|2019-02-24 00:40:36
7|BRAHIMS|BRAHIMS HOLDINGS BERHAD|Main|9474|0.505|0.16|0.235|0.235|0.230|0.23|-0.005|-2.13|0.225 / 800|0.225 / 800|0.225 / 800|22 Feb 2019 7:11 PM|2019-02-24 00:40:36
7|CAB|CAB CAKARAN CORPORATION BHD|Main|7174|1.02|0.495|0.665|0.665|0.650|0.65|-0.015|-2.26|0.645 / 793|0.645 / 793|0.645 / 793|22 Feb 2019 7:11 PM|2019-02-24 00:40:36
7|CAB-WA|CAB CAKARAN CORPORATION BERHAD - Warrants 2015/2020|Main|7174WA|0.83|0.3|0.450|0.455|0.450|0.455|-0.015|-3.19|0.455 / 500|0.455 / 500|0.455 / 500|22 Feb 2019 7:11 PM|2019-02-24 00:40:36
7|CAELY|CAELY HOLDINGS BHD|Main|7154|1.29|0.74|0.990|0.990|0.920|0.975|0.0|0.0|0.950 / 69|0.950 / 69|0.950 / 69|22 Feb 2019 7:11 PM|2019-02-24 00:40:36
7|CAELY-WA|CAELY HOLDINGS BERHAD - WARRANTS 2018/2021|Main|7154WA|0.925|0.37|0.600|0.600|0.545|0.57|-0.03|-5.0|0.565 / 100|0.565 / 100|0.565 / 100|22 Feb 2019 7:11 PM|2019-02-24 00:40:36
7|CAMRES|CAM RESOURCES BHD|Main|7128|0.365|0.22|-|-|-|0.25|0.0|0.0|0.245 / 50|0.245 / 50|0.245 / 50|22 Feb 2019 7:11 PM|2019-02-24 00:40:36
7|CARING|CARING PHARMACY GROUP BERHAD|Main|5245|2.0|1.45|1.980|1.980|1.940|1.97|-0.01|-0.51|1.960 / 15|1.960 / 15|1.960 / 15|22 Feb 2019 7:11 PM|2019-02-24 00:40:36
7|CARLSBG|CARLSBERG BREWERY MALAYSIA BHD|Main|2836|25.0|17.08|24.980|25.000|24.000|24.98|0.06|0.24|24.740 / 14|24.740 / 14|24.740 / 14|22 Feb 2019 7:11 PM|2019-02-24 00:40:36
7|CCB|CYCLE & CARRIAGE BINTANG BHD|Main|2925|2.18|1.44|1.560|1.560|1.560|1.56|-0.01|-0.64|1.530 / 105|1.530 / 105|1.530 / 105|22 Feb 2019 7:11 PM|2019-02-24 00:40:36
7|CCK|CCK CONSOLIDATED HOLDINGS BHD|Main|7035|2.05|0.365|0.635|0.670|0.630|0.66|0.025|3.94|0.660 / 222|0.660 / 222|0.660 / 222|22 Feb 2019 7:11 PM|2019-02-24 00:40:36
7|CCK-WA|CCK CONSOLIDATED HOLDINGS BERHAD - WARRANTS 2018/2023|Main|7035WA|0.33|0.07|0.135|0.145|0.135|0.14|0.005|3.7|0.140 / 1914|0.140 / 1914|0.140 / 1914|22 Feb 2019 7:11 PM|2019-02-24 00:40:36
7|CHEETAH|CHEETAH HOLDINGS BHD|Main|7209|0.495|0.29|-|-|-|0.35|0.0|0.0|0.300 / 155|0.300 / 155|0.300 / 155|22 Feb 2019 7:11 PM|2019-02-24 00:40:36
7|CIHLDG|C.I. HOLDINGS BHD|Main|2828|2.19|1.5|-|-|-|1.61|0.0|0.0|1.530 / 50|1.530 / 50|1.530 / 50|22 Feb 2019 7:11 PM|2019-02-24 00:40:36
7|CNI|CNI HOLDINGS BHD|Main|5104|0.115|0.06|0.065|0.070|0.065|0.07|0.0|0.0|0.065 / 555|0.065 / 555|0.065 / 555|22 Feb 2019 7:11 PM|2019-02-24 00:40:36
7|CNOUHUA|CHINA OUHUA WINERY HLDGS LTD|Main|5188|0.135|0.035|0.050|0.050|0.050|0.05|0.0|0.0|0.045 / 11602|0.045 / 11602|0.045 / 11602|22 Feb 2019 7:11 PM|2019-02-24 00:40:36
7|COCOLND|COCOALAND HOLDINGS BHD|Main|7205|2.73|1.83|2.090|2.090|2.090|2.09|0.0|0.0|2.090 / 1|2.090 / 1|2.090 / 1|22 Feb 2019 7:11 PM|2019-02-24 00:40:36
7|CSCENIC|CLASSIC SCENIC BHD|Main|7202|1.63|1.05|1.120|1.130|1.080|1.13|0.01|0.89|1.080 / 48|1.080 / 48|1.080 / 48|22 Feb 2019 7:11 PM|2019-02-24 00:40:36
7|CSL|CHINA STATIONERY LIMITED|Main|5214|0.0|0.0|-|-|-|0.01|0.0|0.0|0.000 / 0|0.000 / 0|0.000 / 0|22 Feb 2019 7:11 PM|2019-02-24 00:40:36
7|CWG|CWG HOLDINGS BERHAD|Main|9423|0.54|0.415|-|-|-|0.45|0.0|0.0|0.450 / 100|0.450 / 100|0.450 / 100|22 Feb 2019 7:11 PM|2019-02-24 00:40:36
7|DBE|D.B.E. GURNEY RESOURCES BHD|Main|7179|0.04|0.025|0.030|0.030|0.030|0.03|0.0|0.0|0.025 / 507972|0.025 / 507972|0.025 / 507972|22 Feb 2019 7:11 PM|2019-02-24 00:40:36
7|DBE-WB|D.B.E. GURNEY RESOURCES BERHAD - WARRANTS 2017/2022|Main|7179WB|0.02|0.005|-|-|-|0.01|0.0|0.0|0.005 / 356801|0.005 / 356801|0.005 / 356801|22 Feb 2019 7:11 PM|2019-02-24 00:40:36
7|DEGEM|DEGEM BHD|Main|7119|1.1|0.92|-|-|-|1.05|0.0|0.0|0.000 / 0|0.000 / 0|0.000 / 0|22 Feb 2019 7:11 PM|2019-02-24 00:40:36
7|DKSH|DKSH HOLDINGS(M)BHD|Main|5908|4.42|2.14|2.770|2.780|2.730|2.75|-0.03|-1.08|2.750 / 352|2.750 / 352|2.750 / 352|22 Feb 2019 7:11 PM|2019-02-24 00:40:36
7|DLADY|DUTCH LADY MILK INDUSTRIES BHD|Main|3026|76.98|57.38|63.780|64.400|63.780|64.2|0.42|0.66|63.780 / 1|63.780 / 1|63.780 / 1|22 Feb 2019 7:11 PM|2019-02-24 00:40:36
7|DRBHCOM|DRB-HICOM BHD|Main|1619|2.72|1.6|1.880|1.900|1.860|1.86|-0.02|-1.06|1.850 / 1437|1.850 / 1437|1.850 / 1437|22 Feb 2019 7:11 PM|2019-02-24 00:40:36
7|EASTLND|EASTLAND EQUITY BHD|Main|2097|0.275|0.095|0.120|0.120|0.110|0.115|-0.005|-4.17|0.115 / 4990|0.115 / 4990|0.115 / 4990|22 Feb 2019 7:11 PM|2019-02-24 00:40:36
7|EIG|ESTHETICS INTERNATIONAL GROUP|Main|5081|0.695|0.54|-|-|-|0.66|0.0|0.0|0.600 / 1000|0.600 / 1000|0.600 / 1000|22 Feb 2019 7:11 PM|2019-02-24 00:40:36
7|EKA|EKA NOODLES BERHAD|Main|7182|0.1|0.05|0.065|0.065|0.065|0.065|0.0|0.0|0.065 / 5897|0.065 / 5897|0.065 / 5897|22 Feb 2019 7:11 PM|2019-02-24 00:40:36
7|EMICO|EMICO HOLDINGS BHD|Main|9091|0.24|0.15|0.195|0.195|0.180|0.185|0.0|0.0|0.175 / 500|0.175 / 500|0.175 / 500|22 Feb 2019 7:11 PM|2019-02-24 00:40:36
7|ENGKAH|ENG KAH CORPORATION BHD|Main|7149|1.5|0.935|-|-|-|1.06|0.0|0.0|1.010 / 7|1.010 / 7|1.010 / 7|22 Feb 2019 7:11 PM|2019-02-24 00:40:36
7|EURO|EURO HOLDINGS BHD|Main|7208|0.365|0.125|0.145|0.145|0.145|0.145|0.0|0.0|0.145 / 288|0.145 / 288|0.145 / 288|22 Feb 2019 7:11 PM|2019-02-24 00:40:36
7|EUROSP|EUROSPAN HOLDINGS BHD|Main|7094|0.75|0.425|0.450|0.450|0.425|0.425|-0.025|-5.56|0.425 / 139|0.425 / 139|0.425 / 139|22 Feb 2019 7:11 PM|2019-02-24 00:40:36
7|F%26N|FRASER & NEAVE HOLDINGS BHD|Main|3689|40.0|29.2|35.500|36.180|35.480|36.02|0.54|1.52|36.020 / 63|36.020 / 63|36.020 / 63|22 Feb 2019 7:11 PM|2019-02-24 00:40:36
7|FCW|FCW HOLDINGS BHD|Main|2755|0.95|0.73|0.730|0.730|0.730|0.73|0.0|0.0|0.730 / 56|0.730 / 56|0.730 / 56|22 Feb 2019 7:11 PM|2019-02-24 00:40:36
7|FIAMMA|FIAMMA HOLDINGS BHD|Main|6939|0.57|0.43|0.525|0.530|0.525|0.53|0.005|0.95|0.520 / 20|0.520 / 20|0.520 / 20|22 Feb 2019 7:11 PM|2019-02-24 00:40:36
7|FIHB|FEDERAL INTERNATIONAL HOLDINGS BERHAD|Main|8605|0.5|0.28|0.365|0.365|0.365|0.365|0.005|1.39|0.345 / 74|0.345 / 74|0.345 / 74|22 Feb 2019 7:11 PM|2019-02-24 00:40:36
7|FIHB-PA|FEDERAL INTERNATIONAL HOLDINGS BERHAD - RCPS 16/26|Main|8605PA|0.1|0.06|-|-|-|0.07|0.0|0.0|0.055 / 600|0.055 / 600|0.055 / 600|22 Feb 2019 7:11 PM|2019-02-24 00:40:36
7|FIHB-PB|FEDERAL INTERNATIONAL HOLDINGS BERHAD - RCPS 18/28|Main|8605PB|0.13|0.03|-|-|-|0.08|0.0|0.0|0.045 / 800|0.045 / 800|0.045 / 800|22 Feb 2019 7:11 PM|2019-02-24 00:40:36
7|FPI|FORMOSA PROSONIC INDUSTRIES|Main|9172|2.07|1.15|1.830|1.880|1.780|1.85|-0.15|-7.5|1.840 / 1265|1.840 / 1265|1.840 / 1265|22 Feb 2019 7:11 PM|2019-02-24 00:40:36
7|G3|G3 GLOBAL BERHAD|Main|7184|0.95|0.6|-|-|-|0.785|0.0|0.0|0.730 / 50|0.730 / 50|0.730 / 50|22 Feb 2019 7:11 PM|2019-02-24 00:40:36
7|G3-WA|G3 GLOBAL BERHAD - WARRANTS 2017/2022|Main|7184WA|0.8|0.5|-|-|-|0.77|0.0|0.0|0.510 / 200|0.510 / 200|0.510 / 200|22 Feb 2019 7:11 PM|2019-02-24 00:40:36
7|GCB|GUAN CHONG BHD|Main|5102|3.84|1.32|3.720|3.840|3.720|3.8|0.1|2.7|3.800 / 2112|3.800 / 2112|3.800 / 2112|22 Feb 2019 7:11 PM|2019-02-24 00:40:36
7|GCE|GRAND CENTRAL ENTERPRISES BHD|Main|5592|0.58|0.4|-|-|-|0.43|0.0|0.0|0.430 / 50|0.430 / 50|0.430 / 50|22 Feb 2019 7:11 PM|2019-02-24 00:40:36
7|GENM|GENTING MALAYSIA BERHAD|Main|4715|5.45|2.76|3.540|3.540|3.470|3.5|-0.05|-1.41|3.500 / 2045|3.500 / 2045|3.500 / 2045|22 Feb 2019 7:11 PM|2019-02-24 00:40:36
7|GENTING|GENTING BHD|Main|3182|9.17|5.91|7.620|7.620|7.380|7.51|-0.09|-1.18|7.510 / 5|7.510 / 5|7.510 / 5|22 Feb 2019 7:11 PM|2019-02-24 00:40:36
7|GETS|GETS GLOBAL BERHAD|Main|5079|0.245|0.1|0.120|0.125|0.115|0.125|0.005|4.17|0.115 / 648|0.115 / 648|0.115 / 648|22 Feb 2019 7:11 PM|2019-02-24 00:40:36
7|GREENYB|GREENYIELD BHD|Main|0136|0.23|0.105|0.130|0.130|0.125|0.125|-0.01|-7.41|0.125 / 1805|0.125 / 1805|0.125 / 1805|22 Feb 2019 7:11 PM|2019-02-24 00:40:36
7|HAIO|HAI-O ENTERPRISE BHD|Main|7668|5.39|2.48|2.860|2.900|2.830|2.86|0.0|0.0|2.850 / 7|2.850 / 7|2.850 / 7|22 Feb 2019 7:11 PM|2019-02-24 00:40:36
7|HARISON|HARRISONS HOLDINGS (M) BHD|Main|5008|4.09|3.4|3.940|3.950|3.940|3.95|0.03|0.77|3.810 / 19|3.810 / 19|3.810 / 19|22 Feb 2019 7:11 PM|2019-02-24 00:40:36
7|HBGLOB|HB GLOBAL LIMITED|Main|5187|0.37|0.055|-|-|-|0.08|0.0|0.0|0.070 / 2485|0.070 / 2485|0.070 / 2485|22 Feb 2019 7:11 PM|2019-02-24 00:40:36
7|HEIM|HEINEKEN MALAYSIA BERHAD|Main|3255|24.02|17.42|22.900|23.000|22.600|22.86|0.0|0.0|22.860 / 31|22.860 / 31|22.860 / 31|22 Feb 2019 7:11 PM|2019-02-24 00:40:36
7|HLIND|HONG LEONG INDUSTRIES BHD|Main|3301|12.3|8.42|9.800|9.800|9.560|9.65|0.01|0.1|9.640 / 2|9.640 / 2|9.640 / 2|22 Feb 2019 7:11 PM|2019-02-24 00:40:36
7|HOMERIZ|HOMERITZ CORPORATION BERHAD|Main|5160|0.82|0.6|0.635|0.635|0.635|0.635|0.0|0.0|0.630 / 630|0.630 / 630|0.630 / 630|22 Feb 2019 7:11 PM|2019-02-24 00:40:36
7|HOMERIZ-WA|HOMERITZ CORPORATION BERHAD - WARRANTS 2015/2020|Main|5160WA|0.23|0.07|0.070|0.070|0.070|0.07|0.0|0.0|0.065 / 805|0.065 / 805|0.065 / 805|22 Feb 2019 7:11 PM|2019-02-24 00:40:36
7|HUPSENG|HUP SENG INDUSTRIES BHD|Main|5024|1.2|0.94|1.050|1.050|1.030|1.04|0.0|0.0|1.030 / 2443|1.030 / 2443|1.030 / 2443|22 Feb 2019 7:11 PM|2019-02-24 00:40:36
7|HWATAI|HWA TAI INDUSTRIES BHD|Main|8478|0.42|0.28|-|-|-|0.33|0.0|0.0|0.310 / 100|0.310 / 100|0.310 / 100|22 Feb 2019 7:11 PM|2019-02-24 00:40:36
7|IQGROUP|IQ GROUP HOLDINGS BHD|Main|5107|2.07|1.1|1.230|1.230|1.230|1.23|0.0|0.0|1.230 / 10|1.230 / 10|1.230 / 10|22 Feb 2019 7:11 PM|2019-02-24 00:40:36
7|JADI|JADI IMAGING HOLDINGS BHD|Main|7223|0.07|0.03|-|-|-|0.035|0.0|0.0|0.030 / 111671|0.030 / 111671|0.030 / 111671|22 Feb 2019 7:11 PM|2019-02-24 00:40:36
7|JAYCORP|JAYCORP BHD|Main|7152|1.3|0.75|0.845|0.845|0.825|0.83|0.01|1.22|0.830 / 23|0.830 / 23|0.830 / 23|22 Feb 2019 7:11 PM|2019-02-24 00:40:36
7|JERASIA|JERASIA CAPITAL BHD|Main|8931|0.5|0.335|-|-|-|0.35|0.0|0.0|0.345 / 217|0.345 / 217|0.345 / 217|22 Feb 2019 7:11 PM|2019-02-24 00:40:36
7|JOHOTIN|JOHORE TIN BHD|Main|7167|1.34|0.835|1.320|1.330|1.310|1.32|0.01|0.76|1.320 / 690|1.320 / 690|1.320 / 690|22 Feb 2019 7:11 PM|2019-02-24 00:40:36
7|KAMDAR|KAMDAR GROUP(M)BHD|Main|8672|0.4|0.28|0.300|0.300|0.290|0.29|-0.015|-4.92|0.290 / 2138|0.290 / 2138|0.290 / 2138|22 Feb 2019 7:11 PM|2019-02-24 00:40:36
7|KAREX|KAREX BERHAD|Main|5247|1.16|0.375|0.455|0.455|0.445|0.45|-0.01|-2.17|0.445 / 9360|0.445 / 9360|0.445 / 9360|22 Feb 2019 7:11 PM|2019-02-24 00:40:36
7|KAWAN|KAWAN FOOD BHD|Main|7216|2.74|1.64|1.680|1.680|1.680|1.68|0.02|1.2|1.670 / 50|1.670 / 50|1.670 / 50|22 Feb 2019 7:11 PM|2019-02-24 00:40:36
7|KFM|KUANTAN FLOUR MILLS BHD|Main|8303|0.17|0.08|0.135|0.135|0.135|0.135|-0.02|-12.9|0.135 / 30|0.135 / 30|0.135 / 30|22 Feb 2019 7:11 PM|2019-02-24 00:40:36
7|KHEESAN|KHEE SAN BHD|Main|6203|0.7|0.54|-|-|-|0.6|0.0|0.0|0.575 / 100|0.575 / 100|0.575 / 100|22 Feb 2019 7:11 PM|2019-02-24 00:40:36
7|KHIND|KHIND HOLDINGS BHD|Main|7062|1.96|1.4|1.700|1.700|1.690|1.7|0.0|0.0|1.680 / 200|1.680 / 200|1.680 / 200|22 Feb 2019 7:11 PM|2019-02-24 00:40:36
7|KPOWER|KUMPULAN POWERNET BHD|Main|7130|0.73|0.33|-|-|-|0.48|0.0|0.0|0.385 / 50|0.385 / 50|0.385 / 50|22 Feb 2019 7:11 PM|2019-02-24 00:40:36
7|KSTAR|K-STAR SPORTS LIMITED|Main|5172|0.15|0.075|0.080|0.080|0.080|0.08|0.0|0.0|0.080 / 695|0.080 / 695|0.080 / 695|22 Feb 2019 7:11 PM|2019-02-24 00:40:36
7|KSTAR-WA|K-STAR SPORTS LIMITED - WARRANTS 2018/2021|Main|5172WA|0.085|0.01|-|-|-|0.02|0.0|0.0|0.010 / 59308|0.010 / 59308|0.010 / 59308|22 Feb 2019 7:11 PM|2019-02-24 00:40:36
7|KTB|KONSORTIUM TRANSNASIONAL BHD|Main|4847|0.16|0.05|0.065|0.065|0.065|0.065|-0.01|-13.33|0.065 / 1861|0.065 / 1861|0.065 / 1861|22 Feb 2019 7:11 PM|2019-02-24 00:40:36
7|LANDMRK|LANDMARKS BHD|Main|1643|0.87|0.45|0.500|0.515|0.500|0.505|0.0|0.0|0.505 / 1|0.505 / 1|0.505 / 1|22 Feb 2019 7:11 PM|2019-02-24 00:40:36
7|LATITUD|LATITUDE TREE HOLDINGS BHD|Main|7006|4.16|3.0|-|-|-|3.96|0.0|0.0|3.830 / 21|3.830 / 21|3.830 / 21|22 Feb 2019 7:11 PM|2019-02-24 00:40:36
7|LAYHONG|LAY HONG BHD|Main|9385|0.995|0.325|0.490|0.490|0.475|0.48|-0.01|-2.04|0.480 / 971|0.480 / 971|0.480 / 971|22 Feb 2019 7:11 PM|2019-02-24 00:40:36
7|LAYHONG-WA|LAY HONG BERHAD - WARRANTS 2016/2021|Main|9385WA|0.78|0.125|0.230|0.235|0.225|0.225|-0.01|-4.26|0.220 / 4710|0.220 / 4710|0.220 / 4710|22 Feb 2019 7:11 PM|2019-02-24 00:40:36
7|LEESK|LEE SWEE KIAT GROUP BHD|Main|8079|1.09|0.525|0.995|1.010|0.980|0.98|-0.015|-1.51|0.970 / 600|0.970 / 600|0.970 / 600|22 Feb 2019 7:11 PM|2019-02-24 00:40:36
7|LIIHEN|LII HEN INDUSTRIES BHD|Main|7089|3.31|2.25|2.900|2.940|2.860|2.87|0.04|1.41|2.870 / 377|2.870 / 377|2.870 / 377|22 Feb 2019 7:11 PM|2019-02-24 00:40:36
7|LONBISC|LONDON BISCUITS BHD|Main|7126|0.69|0.46|0.570|0.575|0.535|0.54|-0.03|-5.26|0.540 / 25|0.540 / 25|0.540 / 25|22 Feb 2019 7:11 PM|2019-02-24 00:40:36
7|LONBISC-WA|LONDON BISCUITS BERHAD-WARRANTS 2015/2020|Main|7126WA|0.2|0.05|0.050|0.050|0.050|0.05|-0.005|-9.09|0.050 / 3812|0.050 / 3812|0.050 / 3812|22 Feb 2019 7:11 PM|2019-02-24 00:40:36
7|LTKM|LTKM BHD|Main|7085|1.35|0.78|1.260|1.340|1.260|1.3|0.04|3.17|1.310 / 6|1.310 / 6|1.310 / 6|22 Feb 2019 7:11 PM|2019-02-24 00:40:36
7|MAGNI|MAGNI-TECH INDUSTRIES BHD|Main|7087|5.52|3.88|4.620|4.620|4.530|4.53|0.02|0.44|4.520 / 250|4.520 / 250|4.520 / 250|22 Feb 2019 7:11 PM|2019-02-24 00:40:36
7|MAGNUM|MAGNUM BERHAD|Main|3859|2.34|1.75|2.310|2.330|2.280|2.33|0.01|0.43|2.310 / 437|2.310 / 437|2.310 / 437|22 Feb 2019 7:11 PM|2019-02-24 00:40:36
7|MARCO|MARCO HOLDINGS BHD|Main|3514|0.15|0.115|0.125|0.125|0.125|0.125|0.0|0.0|0.120 / 20979|0.120 / 20979|0.120 / 20979|22 Feb 2019 7:11 PM|2019-02-24 00:40:36
7|MAXWELL|MAXWELL INT HOLDINGS BERHAD|Main|5189|0.05|0.005|-|-|-|0.01|0.0|0.0|0.000 / 0|0.000 / 0|0.000 / 0|22 Feb 2019 7:11 PM|2019-02-24 00:40:36
7|MAXWELL-WA|MAXWELL INTERNATIONAL HOLDINGS BERHAD - WA 2015/2020|Main|5189WA|0.015|0.005|-|-|-|0.005|0.0|0.0|0.000 / 0|0.000 / 0|0.000 / 0|22 Feb 2019 7:11 PM|2019-02-24 00:40:36
7|MBG|MINTYE BERHAD|Main|5886|1.08|0.8|-|-|-|0.81|0.0|0.0|0.800 / 30|0.800 / 30|0.800 / 30|22 Feb 2019 7:11 PM|2019-02-24 00:40:36
7|MBMR|MBM RESOURCES BHD|Main|5983|2.72|1.86|2.630|2.650|2.600|2.6|-0.04|-1.52|2.550 / 15|2.550 / 15|2.550 / 15|22 Feb 2019 7:11 PM|2019-02-24 00:40:36
7|MESB|MESB BHD|Main|7234|0.405|0.185|0.270|0.285|0.270|0.285|0.015|5.56|0.260 / 1300|0.260 / 1300|0.260 / 1300|22 Feb 2019 7:11 PM|2019-02-24 00:40:36
7|MESB-WA|MESB BERHAD - WARRANTS 2017/2022|Main|7234WA|0.155|0.05|-|-|-|0.08|0.0|0.0|0.080 / 1800|0.080 / 1800|0.080 / 1800|22 Feb 2019 7:11 PM|2019-02-24 00:40:36
7|MFLOUR|MALAYAN FLOUR MILLS BHD|Main|3662|2.2|0.465|0.605|0.605|0.595|0.595|-0.01|-1.65|0.595 / 737|0.595 / 737|0.595 / 737|22 Feb 2019 7:11 PM|2019-02-24 00:40:36
7|MFLOUR-WC|MALAYAN FLOUR MILLS BERHAD - WARRANTS 2019/2024|Main|3662WC|0.225|0.125|0.205|0.205|0.200|0.205|-0.005|-2.38|0.205 / 62|0.205 / 62|0.205 / 62|22 Feb 2019 7:11 PM|2019-02-24 00:40:36
7|MILUX|MILUX CORPORATION BHD|Main|7935|0.86|0.6|-|-|-|0.68|0.0|0.0|0.680 / 30|0.680 / 30|0.680 / 30|22 Feb 2019 7:11 PM|2019-02-24 00:40:36
7|MINDA|MINDA GLOBAL BERHAD|Main|5166|0.245|0.04|-|-|-|0.05|0.0|0.0|0.050 / 100|0.050 / 100|0.050 / 100|22 Feb 2019 7:11 PM|2019-02-24 00:40:36
7|MSM|MSM MALAYSIA HOLDINGS BERHAD|Main|5202|4.12|2.1|2.310|2.310|2.260|2.31|0.0|0.0|2.300 / 4|2.300 / 4|2.300 / 4|22 Feb 2019 7:11 PM|2019-02-24 00:40:36
7|MSPORTS|MULTI SPORTS HOLDINGS LTD|Main|5150|0.04|0.005|-|-|-|0.01|0.0|0.0|0.010 / 6358|0.010 / 6358|0.010 / 6358|22 Feb 2019 7:11 PM|2019-02-24 00:40:36
7|MUIIND|MALAYAN UNITED INDUSTRIES BHD|Main|3891|0.23|0.145|0.185|0.185|0.185|0.185|0.0|0.0|0.185 / 5543|0.185 / 5543|0.185 / 5543|22 Feb 2019 7:11 PM|2019-02-24 00:40:36
7|MULPHA|MULPHA INTERNATIONAL BHD|Main|3905|2.52|1.62|2.020|2.040|2.020|2.04|0.01|0.49|2.040 / 181|2.040 / 181|2.040 / 181|22 Feb 2019 7:11 PM|2019-02-24 00:40:36
7|MYNEWS|MYNEWS HOLDINGS BERHAD|Main|5275|1.8|1.26|1.360|1.390|1.360|1.36|-0.03|-2.16|1.360 / 857|1.360 / 857|1.360 / 857|22 Feb 2019 7:11 PM|2019-02-24 00:40:36
7|NESTLE|NESTLE (M) BHD|Main|4707|163.0|120.0|150.200|150.200|149.300|149.5|-0.9|-0.6|149.300 / 2|149.300 / 2|149.300 / 2|22 Feb 2019 7:11 PM|2019-02-24 00:40:36
7|NHFATT|NEW HOONG FATT HOLDINGS BHD|Main|7060|3.53|2.5|-|-|-|2.85|0.0|0.0|2.700 / 3|2.700 / 3|2.700 / 3|22 Feb 2019 7:11 PM|2019-02-24 00:40:36
7|NICE|NICHE CAPITAL EMAS HLDG BHD|Main|7139|0.055|0.035|0.040|0.040|0.035|0.035|0.0|0.0|0.035 / 81674|0.035 / 81674|0.035 / 81674|22 Feb 2019 7:11 PM|2019-02-24 00:40:36
7|NICE-WB|NICHE CAPITAL EMAS HOLDINGS BERHAD - WARRANTS 2019/2024|Main|7139WB|0.02|0.01|0.010|0.010|0.010|0.01|0.0|0.0|0.010 / 668459|0.010 / 668459|0.010 / 668459|22 Feb 2019 7:11 PM|2019-02-24 00:40:36
7|NIHSIN|NI HSIN RESOURCES BHD|Main|7215|0.345|0.15|0.305|0.315|0.285|0.29|-0.01|-3.33|0.285 / 955|0.285 / 955|0.285 / 955|22 Feb 2019 7:11 PM|2019-02-24 00:40:36
7|NTPM|NTPM HOLDINGS BHD|Main|5066|0.655|0.49|0.505|0.505|0.500|0.5|-0.005|-0.99|0.500 / 199|0.500 / 199|0.500 / 199|22 Feb 2019 7:11 PM|2019-02-24 00:40:36
7|OCB|OCB BHD|Main|5533|0.59|0.3|-|-|-|0.35|0.0|0.0|0.355 / 30|0.355 / 30|0.355 / 30|22 Feb 2019 7:11 PM|2019-02-24 00:40:36
7|OCNCASH|OCEANCASH PACIFIC BHD|Main|0049|0.69|0.43|0.435|0.450|0.435|0.45|0.0|0.0|0.445 / 3|0.445 / 3|0.445 / 3|22 Feb 2019 7:11 PM|2019-02-24 00:40:36
7|OFI|ORIENTAL FOOD INDUSTRIES HLDG|Main|7107|1.13|0.64|0.780|0.830|0.780|0.815|0.095|13.19|0.815 / 377|0.815 / 377|0.815 / 377|22 Feb 2019 7:11 PM|2019-02-24 00:40:36
7|OLYMPIA|OLYMPIA INDUSTRIES BHD|Main|3018|0.135|0.09|0.105|0.110|0.105|0.11|0.005|4.76|0.105 / 3790|0.105 / 3790|0.105 / 3790|22 Feb 2019 7:11 PM|2019-02-24 00:40:36
7|ORIENT|ORIENTAL HOLDINGS BHD|Main|4006|6.82|5.82|6.790|6.790|6.730|6.74|-0.08|-1.17|6.730 / 10|6.730 / 10|6.730 / 10|22 Feb 2019 7:11 PM|2019-02-24 00:40:36
7|OWG|ONLY WORLD GROUP HOLDINGS BERHAD|Main|5260|1.34|0.46|0.685|0.695|0.670|0.69|-0.005|-0.72|0.680 / 664|0.680 / 664|0.680 / 664|22 Feb 2019 7:11 PM|2019-02-24 00:40:36
7|OWG-WA|ONLY WORLD GROUP HOLDINGS BERHAD - WARRANTS A 2018/2023|Main|5260WA|0.365|0.1|0.185|0.195|0.185|0.195|0.0|0.0|0.190 / 137|0.190 / 137|0.190 / 137|22 Feb 2019 7:11 PM|2019-02-24 00:40:36
7|PADINI|PADINI HOLDINGS BHD|Main|7052|6.2|3.15|3.550|3.550|3.450|3.46|-0.09|-2.54|3.460 / 200|3.460 / 200|3.460 / 200|22 Feb 2019 7:11 PM|2019-02-24 00:40:36
7|PANAMY|PANASONIC MANUFACTURING MSIA|Main|3719|41.9|33.5|38.100|38.100|38.100|38.1|0.0|0.0|38.020 / 3|38.020 / 3|38.020 / 3|22 Feb 2019 7:11 PM|2019-02-24 00:40:36
7|PAOS|PAOS HOLDINGS BHD|Main|5022|0.435|0.3|-|-|-|0.32|0.0|0.0|0.315 / 501|0.315 / 501|0.315 / 501|22 Feb 2019 7:11 PM|2019-02-24 00:40:36
7|PAOS-WA|PAOS HOLDINGS BERHAD - WARRANTS 2016/2021|Main|5022WA|0.1|0.03|-|-|-|0.045|0.0|0.0|0.040 / 6443|0.040 / 6443|0.040 / 6443|22 Feb 2019 7:11 PM|2019-02-24 00:40:36
7|PARAGON|PARAGON UNION BHD|Main|9407|0.38|0.23|-|-|-|0.275|0.0|0.0|0.270 / 20|0.270 / 20|0.270 / 20|22 Feb 2019 7:11 PM|2019-02-24 00:40:36
7|PARKSON|PARKSON HOLDINGS BHD|Main|5657|0.65|0.225|0.235|0.235|0.230|0.23|-0.005|-2.13|0.230 / 11436|0.230 / 11436|0.230 / 11436|22 Feb 2019 7:11 PM|2019-02-24 00:40:36
7|PCCS|PCCS GROUP BHD|Main|6068|0.35|0.185|0.220|0.225|0.215|0.225|0.01|4.65|0.225 / 62|0.225 / 62|0.225 / 62|22 Feb 2019 7:11 PM|2019-02-24 00:40:36
7|PCCS-WA|PCCS GROUP BERHAD - WARRANTS 2017 / 2022|Main|6068WA|0.13|0.01|-|-|-|0.05|0.0|0.0|0.040 / 1850|0.040 / 1850|0.040 / 1850|22 Feb 2019 7:11 PM|2019-02-24 00:40:36
7|PELIKAN|PELIKAN INT.CORPORATION BHD|Main|5231|0.88|0.29|0.365|0.390|0.340|0.38|-0.02|-5.0|0.355 / 100|0.355 / 100|0.355 / 100|22 Feb 2019 7:11 PM|2019-02-24 00:40:36
7|PENSONI|PENSONIC HOLDINGS BHD|Main|9997|0.64|0.35|-|-|-|0.39|0.0|0.0|0.385 / 300|0.385 / 300|0.385 / 300|22 Feb 2019 7:11 PM|2019-02-24 00:40:36
7|PENSONI-WB|PENSONIC HOLDINGS BERHAD - WARRANTS B 2014/2024|Main|9997WB|0.255|0.11|-|-|-|0.13|0.0|0.0|0.120 / 1000|0.120 / 1000|0.120 / 1000|22 Feb 2019 7:11 PM|2019-02-24 00:40:36
7|PERMAJU|PERMAJU INDUSTRIES BHD|Main|7080|0.45|0.195|0.405|0.410|0.395|0.395|-0.01|-2.47|0.395 / 15430|0.395 / 15430|0.395 / 15430|22 Feb 2019 7:11 PM|2019-02-24 00:40:36
7|PETDAG|PETRONAS DAGANGAN BHD|Main|5681|28.36|23.0|27.200|27.200|26.660|26.8|-0.38|-1.4|26.600 / 3|26.600 / 3|26.600 / 3|22 Feb 2019 7:11 PM|2019-02-24 00:40:36
7|PMCORP|PAN MALAYSIA CORPORATION BHD|Main|4081|0.18|0.14|0.145|0.145|0.145|0.145|0.0|0.0|0.145 / 1903|0.145 / 1903|0.145 / 1903|22 Feb 2019 7:11 PM|2019-02-24 00:40:36
7|PMHLDG|PAN MALAYSIA HOLDINGS BHD|Main|1287|0.21|0.055|0.060|0.060|0.055|0.06|0.0|0.0|0.055 / 29077|0.055 / 29077|0.055 / 29077|22 Feb 2019 7:11 PM|2019-02-24 00:40:36
7|POHKONG|POH KONG HOLDINGS BHD|Main|5080|0.61|0.44|-|-|-|0.5|0.0|0.0|0.495 / 18|0.495 / 18|0.495 / 18|22 Feb 2019 7:11 PM|2019-02-24 00:40:36
7|POHUAT|POH HUAT RESOURCES HOLDINGS|Main|7088|1.61|1.15|1.590|1.600|1.580|1.6|0.0|0.0|1.590 / 14|1.590 / 14|1.590 / 14|22 Feb 2019 7:11 PM|2019-02-24 00:40:36
7|POHUAT-WB|POH HUAT RESOURCES HOLDINGS BERHAD - WARRANTS 15/20|Main|7088WB|0.61|0.3|0.580|0.580|0.570|0.57|-0.01|-1.72|0.565 / 250|0.565 / 250|0.565 / 250|22 Feb 2019 7:11 PM|2019-02-24 00:40:36
7|PPB|PPB GROUP BHD|Main|4065|21.04|16.4|18.980|18.980|18.700|18.8|-0.18|-0.95|18.800 / 254|18.800 / 254|18.800 / 254|22 Feb 2019 7:11 PM|2019-02-24 00:40:36
7|PRG|PRG HOLDINGS BERHAD|Main|7168|0.925|0.7|0.750|0.750|0.745|0.75|0.0|0.0|0.740 / 680|0.740 / 680|0.740 / 680|22 Feb 2019 7:11 PM|2019-02-24 00:40:36
7|PRG-WA|PRG HOLDINGS BERHAD-WARRANTS 2014/2019|Main|7168WA|0.6|0.315|0.350|0.355|0.335|0.355|-0.005|-1.39|0.340 / 380|0.340 / 380|0.340 / 380|22 Feb 2019 7:11 PM|2019-02-24 00:40:36
7|PRLEXUS|PROLEXUS BHD|Main|8966|0.85|0.5|0.595|0.595|0.575|0.58|-0.02|-3.33|0.575 / 24|0.575 / 24|0.575 / 24|22 Feb 2019 7:11 PM|2019-02-24 00:40:36
7|PRLEXUS-WA|PROLEXUS BERHAD - WARRANTS 2016/2021|Main|8966WA|0.28|0.075|0.085|0.090|0.085|0.09|0.0|0.0|0.085 / 772|0.085 / 772|0.085 / 772|22 Feb 2019 7:11 PM|2019-02-24 00:40:36
7|PTRANS|PERAK TRANSIT BERHAD|Main|0186|0.315|0.22|0.250|0.250|0.240|0.245|-0.005|-2.0|0.240 / 53710|0.240 / 53710|0.240 / 53710|22 Feb 2019 7:11 PM|2019-02-24 00:40:36
7|PTRANS-WA|PERAK TRANSIT BERHAD - WARRANTS A 2017/2020|Main|0186WA|0.18|0.045|0.070|0.070|0.060|0.065|-0.005|-7.14|0.060 / 44337|0.060 / 44337|0.060 / 44337|22 Feb 2019 7:11 PM|2019-02-24 00:40:36
7|PWF|PWF CONSOLIDATED BERHAD|Main|7134|1.05|0.7|0.855|0.920|0.850|0.89|-0.005|-0.56|0.890 / 1|0.890 / 1|0.890 / 1|22 Feb 2019 7:11 PM|2019-02-24 00:40:36
7|PWF-WA|PWF CONSOLIDATED BERHAD - WARRANTS 16/21|Main|7134WA|0.535|0.12|0.330|0.390|0.330|0.39|0.1|34.48|0.330 / 300|0.330 / 300|0.330 / 300|22 Feb 2019 7:11 PM|2019-02-24 00:40:36
7|PWROOT|POWER ROOT BERHAD|Main|7237|1.95|1.15|1.470|1.470|1.450|1.45|-0.03|-2.03|1.450 / 143|1.450 / 143|1.450 / 143|22 Feb 2019 7:11 PM|2019-02-24 00:40:36
7|PWROOT-WA|POWER ROOT BERHAD - WARRANTS 2018/2023|Main|7237WA|0.55|0.21|0.295|0.305|0.295|0.305|0.0|0.0|0.300 / 100|0.300 / 100|0.300 / 100|22 Feb 2019 7:11 PM|2019-02-24 00:40:36
7|QL|QL RESOURCES BHD|Main|7084|7.63|4.28|6.880|6.990|6.850|6.98|0.08|1.16|6.910 / 2|6.910 / 2|6.910 / 2|22 Feb 2019 7:11 PM|2019-02-24 00:40:36
7|REX|REX INDUSTRY BHD|Main|9946|0.58|0.34|-|-|-|0.415|0.0|0.0|0.365 / 155|0.365 / 155|0.365 / 155|22 Feb 2019 7:11 PM|2019-02-24 00:40:36
7|RGB|RGB INTERNATIONAL BHD|Main|0037|0.305|0.18|0.245|0.245|0.235|0.24|0.0|0.0|0.240 / 5730|0.240 / 5730|0.240 / 5730|22 Feb 2019 7:11 PM|2019-02-24 00:40:36
7|RHONEMA|RHONE MA HOLDINGS BERHAD|Main|5278|1.0|0.7|0.770|0.770|0.735|0.735|0.0|0.0|0.735 / 42|0.735 / 42|0.735 / 42|22 Feb 2019 7:11 PM|2019-02-24 00:40:36
7|SALUTE|SALUTICA BERHAD|Main|0183|0.865|0.35|0.420|0.420|0.410|0.41|-0.01|-2.38|0.410 / 505|0.410 / 505|0.410 / 505|22 Feb 2019 7:11 PM|2019-02-24 00:40:36
7|SANBUMI|SANBUMI HOLDINGS BHD|Main|9113|0.445|0.115|0.335|0.345|0.335|0.34|0.0|0.0|0.340 / 2884|0.340 / 2884|0.340 / 2884|22 Feb 2019 7:11 PM|2019-02-24 00:40:36
7|SAUDEE|SAUDEE GROUP BERHAD|Main|5157|0.475|0.28|0.310|0.310|0.310|0.31|0.0|0.0|0.310 / 500|0.310 / 500|0.310 / 500|22 Feb 2019 7:11 PM|2019-02-24 00:40:36
7|SAUDEE-WA|SAUDEE GROUP BERHAD - WARRANTS 2016/2021|Main|5157WA|0.235|0.09|-|-|-|0.115|0.0|0.0|0.115 / 100|0.115 / 100|0.115 / 100|22 Feb 2019 7:11 PM|2019-02-24 00:40:36
7|SEG|SEG INTERNATIONAL BHD|Main|9792|0.68|0.605|-|-|-|0.64|0.0|0.0|0.635 / 450|0.635 / 450|0.635 / 450|22 Feb 2019 7:11 PM|2019-02-24 00:40:36
7|SEM|7-ELEVEN MALAYSIA HOLDINGS BERHAD|Main|5250|1.57|1.25|1.450|1.450|1.440|1.45|0.0|0.0|1.440 / 89|1.440 / 89|1.440 / 89|22 Feb 2019 7:11 PM|2019-02-24 00:40:36
7|SERNKOU|SERN KOU RESOURCES BHD|Main|7180|1.69|0.48|0.560|0.560|0.540|0.555|0.0|0.0|0.535 / 300|0.535 / 300|0.535 / 300|22 Feb 2019 7:11 PM|2019-02-24 00:40:36
7|SERNKOU-WA|SERN KOU RESOURCES BERHAD - WARRANTS 2018/2023|Main|7180WA|0.35|0.17|0.280|0.290|0.250|0.25|-0.02|-7.41|0.245 / 100|0.245 / 100|0.245 / 100|22 Feb 2019 7:11 PM|2019-02-24 00:40:36
7|SHANG|SHANGRI-LA HOTELS (M) BHD|Main|5517|6.5|4.7|5.560|5.610|5.560|5.6|0.0|0.0|5.570 / 20|5.570 / 20|5.570 / 20|22 Feb 2019 7:11 PM|2019-02-24 00:40:36
7|SHH|SHH RESOURCES HOLDINGS BHD|Main|7412|1.18|0.47|-|-|-|0.5|0.0|0.0|0.495 / 50|0.495 / 50|0.495 / 50|22 Feb 2019 7:11 PM|2019-02-24 00:40:36
7|SIGN|SIGNATURE INTERNATIONAL BHD|Main|7246|0.675|0.315|0.350|0.355|0.350|0.355|-0.005|-1.39|0.355 / 187|0.355 / 187|0.355 / 187|22 Feb 2019 7:11 PM|2019-02-24 00:40:36
7|SIGN-WA|SIGNATURE INTERNATIONAL BERHAD - WARRANTS 2016/2021|Main|7246WA|0.175|0.05|0.060|0.060|0.060|0.06|-0.005|-7.69|0.060 / 195|0.060 / 195|0.060 / 195|22 Feb 2019 7:11 PM|2019-02-24 00:40:36
7|SIME|SIME DARBY BHD|Main|4197|2.93|2.04|2.290|2.310|2.240|2.28|-0.01|-0.44|2.260 / 601|2.260 / 601|2.260 / 601|22 Feb 2019 7:11 PM|2019-02-24 00:40:36
7|SINOTOP|SINOTOP HOLDINGS BERHAD|Main|8532|0.6|0.2|0.285|0.300|0.285|0.3|0.0|0.0|0.285 / 1045|0.285 / 1045|0.285 / 1045|22 Feb 2019 7:11 PM|2019-02-24 00:40:36
7|SMCAP|SINMAH CAPITAL BERHAD|Main|9776|0.6|0.105|0.185|0.190|0.175|0.18|-0.005|-2.7|0.180 / 5746|0.180 / 5746|0.180 / 5746|22 Feb 2019 7:11 PM|2019-02-24 00:40:36
7|SMCAP-WC|SINMAH CAPITAL BERHAD - WARRANTS 2018/2023|Main|9776WC|0.145|0.05|0.090|0.090|0.090|0.09|0.0|0.0|0.085 / 2150|0.085 / 2150|0.085 / 2150|22 Feb 2019 7:11 PM|2019-02-24 00:40:36
7|SNC|SAND NISKO CAPITAL BERHAD|Main|7943|0.32|0.225|-|-|-|0.28|0.0|0.0|0.260 / 20|0.260 / 20|0.260 / 20|22 Feb 2019 7:11 PM|2019-02-24 00:40:36
7|SOLID|SOLID AUTOMOTIVE BHD|Main|5242|0.37|0.29|-|-|-|0.305|0.0|0.0|0.295 / 100|0.295 / 100|0.295 / 100|22 Feb 2019 7:11 PM|2019-02-24 00:40:36
7|SOLID-WA|SOLID AUTOMOTIVE BERHAD - WARRANTS 2015/2020|Main|5242WA|0.2|0.075|-|-|-|0.11|0.0|0.0|0.085 / 200|0.085 / 200|0.085 / 200|22 Feb 2019 7:11 PM|2019-02-24 00:40:36
7|SPRITZER|SPRITZER BHD|Main|7103|2.46|2.0|2.140|2.180|2.140|2.18|0.04|1.87|2.120 / 40|2.120 / 40|2.120 / 40|22 Feb 2019 7:11 PM|2019-02-24 00:40:36
7|SUIWAH|SUIWAH CORPORATION BHD|Main|9865|2.83|1.92|2.670|2.680|2.670|2.67|-0.01|-0.37|2.670 / 120|2.670 / 120|2.670 / 120|22 Feb 2019 7:11 PM|2019-02-24 00:40:36
7|SWSCAP|SWS CAPITAL BERHAD|Main|7186|1.24|0.59|0.665|0.700|0.665|0.7|0.035|5.26|0.680 / 200|0.680 / 200|0.680 / 200|22 Feb 2019 7:11 PM|2019-02-24 00:40:36
7|SWSCAP-WB|SWS CAPITAL BERHAD - WARRANTS 2018/2023|Main|7186WB|0.23|0.065|-|-|-|0.075|0.0|0.0|0.075 / 249|0.075 / 249|0.075 / 249|22 Feb 2019 7:11 PM|2019-02-24 00:40:36
7|SYF|SYF RESOURCES BHD|Main|7082|0.38|0.21|0.230|0.230|0.225|0.225|-0.005|-2.17|0.230 / 50|0.230 / 50|0.230 / 50|22 Feb 2019 7:11 PM|2019-02-24 00:40:36
7|SYF-WB|SYF RESOURCES BERHAD-WARRANTS 2014/2019|Main|7082WB|0.08|0.01|0.015|0.015|0.015|0.015|0.0|0.0|0.015 / 8457|0.015 / 8457|0.015 / 8457|22 Feb 2019 7:11 PM|2019-02-24 00:40:36
7|TAFI|TAFI INDUSTRIES BHD|Main|7211|0.42|0.28|-|-|-|0.29|0.0|0.0|0.265 / 100|0.265 / 100|0.265 / 100|22 Feb 2019 7:11 PM|2019-02-24 00:40:36
7|TCHONG|TAN CHONG MOTOR HOLDINGS BHD|Main|4405|1.91|1.33|1.420|1.440|1.420|1.44|-0.01|-0.69|1.420 / 490|1.420 / 490|1.420 / 490|22 Feb 2019 7:11 PM|2019-02-24 00:40:36
7|TECGUAN|TECK GUAN PERDANA BHD|Main|7439|1.26|0.695|-|-|-|0.82|0.0|0.0|0.795 / 30|0.795 / 30|0.795 / 30|22 Feb 2019 7:11 PM|2019-02-24 00:40:36
7|TEKSENG|TEK SENG HOLDINGS BHD|Main|7200|0.43|0.22|0.250|0.255|0.250|0.25|-0.005|-1.96|0.250 / 322|0.250 / 322|0.250 / 322|22 Feb 2019 7:11 PM|2019-02-24 00:40:36
7|TEKSENG-WA|TEK SENG HOLDINGS BERHAD - WARRANTS 2015/2020|Main|7200WA|0.255|0.065|-|-|-|0.07|0.0|0.0|0.065 / 1500|0.065 / 1500|0.065 / 1500|22 Feb 2019 7:11 PM|2019-02-24 00:40:36
7|TEOSENG|TEO SENG CAPITAL BHD|Main|7252|1.34|0.735|1.240|1.340|1.240|1.32|0.08|6.45|1.310 / 414|1.310 / 414|1.310 / 414|22 Feb 2019 7:11 PM|2019-02-24 00:40:36
7|TEOSENG-WA|TEO SENG CAPITAL BERHAD - Warrants 2015/2020|Main|7252WA|0.375|0.1|0.315|0.355|0.315|0.345|0.02|6.15|0.345 / 202|0.345 / 202|0.345 / 202|22 Feb 2019 7:11 PM|2019-02-24 00:40:36
7|TGL|TEO GUAN LEE CORPORATION BHD|Main|9369|1.16|0.88|-|-|-|0.96|0.0|0.0|0.950 / 20|0.950 / 20|0.950 / 20|22 Feb 2019 7:11 PM|2019-02-24 00:40:36
7|TOMEI|TOMEI CONSOLIDATED BHD|Main|7230|0.705|0.475|0.550|0.570|0.545|0.57|0.01|1.79|0.550 / 520|0.550 / 520|0.550 / 520|22 Feb 2019 7:11 PM|2019-02-24 00:40:36
7|TPC|TPC PLUS BHD|Main|7176|0.455|0.3|0.420|0.455|0.420|0.445|0.01|2.3|0.450 / 100|0.450 / 100|0.450 / 100|22 Feb 2019 7:11 PM|2019-02-24 00:40:36
7|TPC-WA|TPC PLUS BERHAD - WARRANTS A 2016/2021|Main|7176WA|0.27|0.11|0.220|0.240|0.220|0.24|0.02|9.09|0.200 / 200|0.200 / 200|0.200 / 200|22 Feb 2019 7:11 PM|2019-02-24 00:40:36
7|UMW|UMW HOLDINGS BHD|Main|4588|6.95|4.2|5.920|5.930|5.830|5.88|0.01|0.17|5.850 / 3593|5.850 / 3593|5.850 / 3593|22 Feb 2019 7:11 PM|2019-02-24 00:40:36
7|UPA|UPA CORPORATION BHD|Main|7757|2.56|2.05|2.130|2.140|2.130|2.14|0.01|0.47|2.130 / 70|2.130 / 70|2.130 / 70|22 Feb 2019 7:11 PM|2019-02-24 00:40:36
7|VERTICE|VERTICE BERHAD|Main|7240|1.13|0.75|-|-|-|0.9|0.0|0.0|0.875 / 48|0.875 / 48|0.875 / 48|22 Feb 2019 7:11 PM|2019-02-24 00:40:36
7|VERTICE-WA|VERTICE BERHAD - WARRANTS A 2014/2024|Main|7240WA|0.76|0.43|-|-|-|0.515|0.0|0.0|0.475 / 50|0.475 / 50|0.475 / 50|22 Feb 2019 7:11 PM|2019-02-24 00:40:36
7|WANGZNG|WANG-ZHENG BHD|Main|7203|1.69|0.995|1.130|1.200|1.130|1.2|0.03|2.56|1.130 / 30|1.130 / 30|1.130 / 30|22 Feb 2019 7:11 PM|2019-02-24 00:40:36
7|WARISAN|WARISAN TC HOLDINGS BHD|Main|5016|2.35|2.0|2.100|2.180|2.100|2.18|0.0|0.0|2.180 / 230|2.180 / 230|2.180 / 230|22 Feb 2019 7:11 PM|2019-02-24 00:40:36
7|XDL|XIDELANG HOLDINGS LTD|Main|5156|0.21|0.095|0.115|0.120|0.115|0.12|0.005|4.35|0.115 / 93344|0.115 / 93344|0.115 / 93344|22 Feb 2019 7:11 PM|2019-02-24 00:40:36
7|XDL-WD|XIDELANG HOLDINGS LTD - WARRANTS 2019/2022|Main|5156WD|0.03|0.015|0.020|0.020|0.020|0.02|0.0|0.0|0.020 / 22631|0.020 / 22631|0.020 / 22631|22 Feb 2019 7:11 PM|2019-02-24 00:40:36
7|XIANLNG|XIAN LENG HOLDINGS BHD|Main|7121|0.615|0.4|-|-|-|0.465|0.0|0.0|0.435 / 100|0.435 / 100|0.435 / 100|22 Feb 2019 7:11 PM|2019-02-24 00:40:36
7|XINQUAN|XINGQUAN INT SPORTS HLDG LTD|Main|5155|0.0|0.0|-|-|-|0.055|0.0|0.0|0.000 / 0|0.000 / 0|0.000 / 0|22 Feb 2019 7:11 PM|2019-02-24 00:40:36
7|XINQUAN-WA|XINGQUAN INT SPORTS HLDG LTD-WARRANT 14/19|Main|5155WA|0.0|0.0|-|-|-|0.005|0.0|0.0|0.000 / 0|0.000 / 0|0.000 / 0|22 Feb 2019 7:11 PM|2019-02-24 00:40:36
7|XINQUAN-WB|XINGQUAN INTERNATIONAL SPORTS HOLDINGS LIMITED-WARRANTS 2016/2021|Main|5155WB|0.0|0.0|-|-|-|0.015|0.0|0.0|0.000 / 0|0.000 / 0|0.000 / 0|22 Feb 2019 7:11 PM|2019-02-24 00:40:36
7|YEELEE|YEE LEE CORPORATION BHD|Main|5584|2.36|1.8|1.860|1.860|1.840|1.85|-0.03|-1.6|1.860 / 10|1.860 / 10|1.860 / 10|22 Feb 2019 7:11 PM|2019-02-24 00:40:36
7|YOCB|YOONG ONN CORPORATION BERHAD|Main|5159|1.31|0.95|1.060|1.070|1.060|1.07|0.0|0.0|1.060 / 164|1.060 / 164|1.060 / 164|22 Feb 2019 7:11 PM|2019-02-24 00:40:36
7|ZHULIAN|ZHULIAN CORPORATION BHD|Main|5131|1.73|1.2|1.350|1.360|1.350|1.36|-0.01|-0.73|1.350 / 261|1.350 / 261|1.350 / 261|22 Feb 2019 7:11 PM|2019-02-24 00:40:36
8|ADVCON|ADVANCECON HOLDINGS BERHAD|Main|5281|0.775|0.25|0.355|0.355|0.350|0.355|0.0|0.0|0.350 / 650|0.350 / 650|0.350 / 650|22 Feb 2019 7:11 PM|2019-02-24 00:40:36
8|AZRB|AHMAD ZAKI RESOURCES BHD|Main|7078|0.885|0.28|0.415|0.420|0.400|0.41|-0.015|-3.53|0.410 / 6|0.410 / 6|0.410 / 6|22 Feb 2019 7:11 PM|2019-02-24 00:40:36
8|AZRB-WA|AHMAD ZAKI RESOURCES BERHAD- WA 14/24|Main|7078WA|0.395|0.085|0.195|0.195|0.195|0.195|-0.005|-2.5|0.195 / 758|0.195 / 758|0.195 / 758|22 Feb 2019 7:11 PM|2019-02-24 00:40:36
8|BENALEC|BENALEC HOLDINGS BERHAD|Main|5190|0.405|0.155|0.220|0.220|0.210|0.22|0.005|2.33|0.215 / 66|0.215 / 66|0.215 / 66|22 Feb 2019 7:11 PM|2019-02-24 00:40:36
8|BPURI|BINA PURI HOLDINGS BHD|Main|5932|0.385|0.165|0.195|0.200|0.190|0.195|-0.005|-2.5|0.190 / 45639|0.190 / 45639|0.190 / 45639|22 Feb 2019 7:11 PM|2019-02-24 00:40:36
8|BREM|BREM HOLDINGS BHD|Main|8761|0.98|0.735|0.755|0.755|0.755|0.755|0.0|0.0|0.750 / 1100|0.750 / 1100|0.750 / 1100|22 Feb 2019 7:11 PM|2019-02-24 00:40:36
8|CRESBLD|CREST BUILDER HOLDINGS BHD|Main|8591|1.1|0.79|0.980|0.985|0.975|0.98|-0.01|-1.01|0.980 / 450|0.980 / 450|0.980 / 450|22 Feb 2019 7:11 PM|2019-02-24 00:40:36
8|DKLS|DKLS INDUSTRIES BHD|Main|7528|1.86|1.56|1.700|1.700|1.700|1.7|0.0|0.0|1.670 / 1|1.670 / 1|1.670 / 1|22 Feb 2019 7:11 PM|2019-02-24 00:40:36
8|ECONBHD|ECONPILE HOLDINGS BHD|Main|5253|1.25|0.36|0.535|0.565|0.515|0.55|0.015|2.8|0.550 / 456|0.550 / 456|0.550 / 456|22 Feb 2019 7:11 PM|2019-02-24 00:40:36
8|ECONBHD-WA|ECONPILE HOLDINGS BERHAD - WARRANTS A 2018/2023|Main|5253WA|0.305|0.07|0.135|0.140|0.125|0.14|0.005|3.7|0.135 / 100|0.135 / 100|0.135 / 100|22 Feb 2019 7:11 PM|2019-02-24 00:40:36
8|EKOVEST|EKOVEST BHD|Main|8877|1.04|0.42|0.595|0.630|0.595|0.6|0.005|0.84|0.600 / 1081|0.600 / 1081|0.600 / 1081|22 Feb 2019 7:11 PM|2019-02-24 00:40:36
8|EKOVEST-WB|EKOVEST BHD-WARRANTS B 14/19|Main|8877WB|0.66|0.045|0.110|0.130|0.110|0.12|0.005|4.35|0.115 / 250|0.115 / 250|0.115 / 250|22 Feb 2019 7:11 PM|2019-02-24 00:40:36
8|FAJAR|FAJARBARU BUILDER GRP BHD|Main|7047|0.83|0.3|0.400|0.410|0.400|0.4|-0.015|-3.61|0.400 / 2423|0.400 / 2423|0.400 / 2423|22 Feb 2019 7:11 PM|2019-02-24 00:40:36
8|FAJAR-WB|FAJARBARU BUILDER GROUP BERHAD - WARRANTS B 14/19|Main|7047WB|0.455|0.03|0.050|0.050|0.040|0.045|-0.005|-10.0|0.040 / 845|0.040 / 845|0.040 / 845|22 Feb 2019 7:11 PM|2019-02-24 00:40:36
8|GADANG|GADANG HOLDINGS BHD|Main|9261|1.1|0.475|0.645|0.650|0.635|0.635|-0.015|-2.31|0.635 / 1625|0.635 / 1625|0.635 / 1625|22 Feb 2019 7:11 PM|2019-02-24 00:40:36
8|GADANG-WB|GADANG HOLDINGS BHD - WARRANTS 2016 / 2021|Main|9261WB|0.405|0.075|0.150|0.150|0.140|0.15|-0.005|-3.23|0.145 / 380|0.145 / 380|0.145 / 380|22 Feb 2019 7:11 PM|2019-02-24 00:40:36
8|GAMUDA|GAMUDA BHD|Main|5398|5.24|2.0|3.100|3.100|3.020|3.04|-0.07|-2.25|3.040 / 345|3.040 / 345|3.040 / 345|22 Feb 2019 7:11 PM|2019-02-24 00:40:36
8|GAMUDA-WE|GAMUDA BERHAD-WARRANTS E|Main|5398WE|1.25|0.125|0.285|0.285|0.270|0.275|-0.01|-3.51|0.270 / 2879|0.270 / 2879|0.270 / 2879|22 Feb 2019 7:11 PM|2019-02-24 00:40:36
8|GBGAQRS|GABUNGAN AQRS BERHAD|Main|5226|1.98|0.615|1.150|1.180|1.120|1.15|0.02|1.77|1.150 / 10|1.150 / 10|1.150 / 10|22 Feb 2019 7:11 PM|2019-02-24 00:40:36
8|GBGAQRS-WB|GABUNGAN AQRS BERHAD-WARRANTS B|Main|5226WB|0.41|0.135|0.285|0.300|0.275|0.295|0.015|5.36|0.295 / 4248|0.295 / 4248|0.295 / 4248|22 Feb 2019 7:11 PM|2019-02-24 00:40:36
8|GKENT|GEORGE KENT (M) BHD|Main|3204|4.47|0.755|1.190|1.200|1.160|1.17|-0.01|-0.85|1.170 / 1717|1.170 / 1717|1.170 / 1717|22 Feb 2019 7:11 PM|2019-02-24 00:40:36
8|HOHUP|HO HUP CONSTRUCTION COMPANY|Main|5169|0.555|0.28|0.380|0.415|0.380|0.4|0.025|6.67|0.395 / 280|0.395 / 280|0.395 / 280|22 Feb 2019 7:11 PM|2019-02-24 00:40:36
8|HSL|HOCK SENG LEE BHD|Main|6238|1.65|1.29|1.510|1.570|1.500|1.55|0.03|1.97|1.520 / 50|1.520 / 50|1.520 / 50|22 Feb 2019 7:11 PM|2019-02-24 00:40:36
8|IJM|IJM CORPORATION BHD|Main|3336|2.98|1.39|1.980|1.990|1.900|1.99|0.0|0.0|1.960 / 120|1.960 / 120|1.960 / 120|22 Feb 2019 7:11 PM|2019-02-24 00:40:36
8|IKHMAS|IKHMAS JAYA GROUP BERHAD|Main|5268|0.535|0.09|0.185|0.185|0.170|0.175|-0.005|-2.78|0.170 / 7905|0.170 / 7905|0.170 / 7905|22 Feb 2019 7:11 PM|2019-02-24 00:40:36
8|INTA|INTA BINA GROUP BERHAD|Main|0192|0.42|0.25|0.285|0.295|0.285|0.29|0.005|1.75|0.290 / 2082|0.290 / 2082|0.290 / 2082|22 Feb 2019 7:11 PM|2019-02-24 00:40:36
8|IREKA|IREKA CORPORATION BHD|Main|8834|0.7|0.46|-|-|-|0.57|0.0|0.0|0.520 / 779|0.520 / 779|0.520 / 779|22 Feb 2019 7:11 PM|2019-02-24 00:40:36
8|IREKA-WB|IREKA CORPORATION BERHAD-WB 14/19|Main|8834WB|0.155|0.005|0.005|0.005|0.005|0.005|0.0|0.0|0.005 / 5250|0.005 / 5250|0.005 / 5250|22 Feb 2019 7:11 PM|2019-02-24 00:40:36
8|JAKS|JAKS RESOURCES BERHAD|Main|4723|1.78|0.405|0.630|0.655|0.620|0.635|0.0|0.0|0.635 / 3204|0.635 / 3204|0.635 / 3204|22 Feb 2019 7:11 PM|2019-02-24 00:40:36
8|JAKS-WB|JAKS RESOURCES BERHAD-WARRANTS B|Main|4723WB|0.355|0.15|0.330|0.340|0.320|0.325|-0.005|-1.52|0.320 / 1215|0.320 / 1215|0.320 / 1215|22 Feb 2019 7:11 PM|2019-02-24 00:40:36
8|KERJAYA|KERJAYA PROSPEK GROUP BERHAD|Main|7161|3.96|0.99|1.350|1.350|1.290|1.32|-0.03|-2.22|1.310 / 10|1.310 / 10|1.310 / 10|22 Feb 2019 7:11 PM|2019-02-24 00:40:36
8|KERJAYA-WB|KERJAYA PROSPEK GROUP BERHAD - WARRANTS B 2018/2023|Main|7161WB|0.46|0.14|0.225|0.225|0.225|0.225|-0.02|-8.16|0.215 / 200|0.215 / 200|0.215 / 200|22 Feb 2019 7:11 PM|2019-02-24 00:40:36
8|KIMLUN|KIMLUN CORPORATION BERHAD|Main|5171|2.2|1.0|1.260|1.290|1.240|1.29|0.02|1.57|1.290 / 1|1.290 / 1|1.290 / 1|22 Feb 2019 7:11 PM|2019-02-24 00:40:36
8|KIMLUN-WA|KIMLUN CORPORATION BERHAD -WA 14/24|Main|5171WA|0.64|0.21|0.310|0.310|0.310|0.31|-0.015|-4.62|0.310 / 20|0.310 / 20|0.310 / 20|22 Feb 2019 7:11 PM|2019-02-24 00:40:36
8|LEBTECH|LEBTECH BERHAD|Main|9628|1.22|0.75|-|-|-|0.86|0.0|0.0|0.860 / 10|0.860 / 10|0.860 / 10|22 Feb 2019 7:11 PM|2019-02-24 00:40:36
8|MELATI|MELATI EHSAN HOLDINGS BHD|Main|5129|0.76|0.435|0.480|0.500|0.480|0.5|0.0|0.0|0.465 / 30|0.465 / 30|0.465 / 30|22 Feb 2019 7:11 PM|2019-02-24 00:40:36
8|MERCURY|MERCURY INDUSTRIES BHD|Main|8192|1.83|0.88|0.880|0.880|0.880|0.88|0.0|0.0|0.865 / 20|0.865 / 20|0.865 / 20|22 Feb 2019 7:11 PM|2019-02-24 00:40:36
8|MERGE|MERGE ENERGY BHD|Main|5006|0.905|0.24|0.880|0.885|0.880|0.885|0.005|0.57|0.880 / 500|0.880 / 500|0.880 / 500|22 Feb 2019 7:11 PM|2019-02-24 00:40:36
8|MGB|MGB BERHAD|Main|7595|1.72|0.665|0.720|0.720|0.710|0.71|-0.01|-1.39|0.700 / 30|0.700 / 30|0.700 / 30|22 Feb 2019 7:11 PM|2019-02-24 00:40:36
8|MGB-WA|MGB BHD - WARRANTS A 2014/2019|Main|7595WA|1.17|0.18|0.200|0.200|0.200|0.2|-0.065|-24.53|0.180 / 300|0.180 / 300|0.180 / 300|22 Feb 2019 7:11 PM|2019-02-24 00:40:36
8|MITRA|MITRAJAYA HOLDINGS BHD|Main|9571|0.935|0.225|0.345|0.345|0.335|0.335|-0.005|-1.47|0.335 / 901|0.335 / 901|0.335 / 901|22 Feb 2019 7:11 PM|2019-02-24 00:40:36
8|MITRA-WD|MITRAJAYA HOLDINGS BERHAD-WARRANTS D 15/20|Main|9571WD|0.275|0.015|0.040|0.040|0.040|0.04|0.0|0.0|0.035 / 300|0.035 / 300|0.035 / 300|22 Feb 2019 7:11 PM|2019-02-24 00:40:36
8|MITRA-WE|MITRAJAYA HOLDINGS BERHAD - WARRANTS E 2018/2023|Main|9571WE|0.21|0.05|0.080|0.085|0.080|0.085|0.015|21.43|0.080 / 1802|0.080 / 1802|0.080 / 1802|22 Feb 2019 7:11 PM|2019-02-24 00:40:36
8|MTDACPI|MTD ACPI ENGINEERING BHD|Main|5924|0.28|0.115|0.170|0.175|0.170|0.17|0.005|3.03|0.165 / 5|0.165 / 5|0.165 / 5|22 Feb 2019 7:11 PM|2019-02-24 00:40:36
8|MUDAJYA|MUDAJAYA GROUP BHD|Main|5085|0.895|0.265|0.355|0.355|0.340|0.34|-0.01|-2.86|0.340 / 1109|0.340 / 1109|0.340 / 1109|22 Feb 2019 7:11 PM|2019-02-24 00:40:36
8|MUHIBAH|MUHIBBAH ENGINEERING (M) BHD|Main|5703|3.2|2.51|3.020|3.020|2.980|3.0|0.0|0.0|2.980 / 20|2.980 / 20|2.980 / 20|22 Feb 2019 7:11 PM|2019-02-24 00:40:36
8|OCR|OCR GROUP BERHAD|Main|7071|0.55|0.25|0.260|0.265|0.250|0.255|-0.01|-3.77|0.250 / 2056|0.250 / 2056|0.250 / 2056|22 Feb 2019 7:11 PM|2019-02-24 00:40:36
8|OCR-PA|OCR GROUP BERHAD - IRREDEEMABLE CONVERTIBLE PREFERENCE SHARE 2016/2021|Main|7071PA|0.13|0.02|0.030|0.030|0.030|0.03|0.005|20.0|0.025 / 32030|0.025 / 32030|0.025 / 32030|22 Feb 2019 7:11 PM|2019-02-24 00:40:36
8|OCR-WC|OCR GROUP BERHAD - WARRANTS 2016/2021|Main|7071WC|0.14|0.025|0.035|0.040|0.030|0.03|-0.01|-25.0|0.025 / 4500|0.025 / 4500|0.025 / 4500|22 Feb 2019 7:11 PM|2019-02-24 00:40:36
8|OCR-WD|OCR GROUP BERHAD - WARRANTS 2019/2022|Main|7071WD|0.11|0.0|0.110|0.110|0.065|0.075|0.03|66.67|0.070 / 1518|0.070 / 1518|0.070 / 1518|22 Feb 2019 7:11 PM|2019-02-24 00:40:36
8|PEB|PIMPINAN EHSAN BERHAD|Main|5622|2.6|0.635|0.820|0.820|0.820|0.82|-0.005|-0.61|0.820 / 40|0.820 / 40|0.820 / 40|22 Feb 2019 7:11 PM|2019-02-24 00:40:36
8|PESONA|PESONA METRO HOLDINGS BHD|Main|8311|0.415|0.17|0.240|0.245|0.240|0.245|0.005|2.08|0.240 / 7945|0.240 / 7945|0.240 / 7945|22 Feb 2019 7:11 PM|2019-02-24 00:40:36
8|PESONA-WC|PESONA METRO HOLDINGS BERHAD - WARRANTS C|Main|8311WC|0.235|0.03|0.060|0.065|0.060|0.065|-0.005|-7.14|0.060 / 1961|0.060 / 1961|0.060 / 1961|22 Feb 2019 7:11 PM|2019-02-24 00:40:36
8|PRTASCO|PROTASCO BHD|Main|5070|1.08|0.19|0.280|0.280|0.270|0.275|0.0|0.0|0.270 / 2200|0.270 / 2200|0.270 / 2200|22 Feb 2019 7:11 PM|2019-02-24 00:40:36
8|PRTASCO-WA|PROTASCO BERHAD - WARRANTS A 2018/2023|Main|5070WA|0.22|0.035|0.070|0.070|0.065|0.07|0.0|0.0|0.065 / 21820|0.065 / 21820|0.065 / 21820|22 Feb 2019 7:11 PM|2019-02-24 00:40:36
8|PSIPTEK|PRINSIPTEK CORPORATION BHD|Main|7145|0.18|0.095|0.135|0.140|0.135|0.135|-0.005|-3.57|0.130 / 22797|0.130 / 22797|0.130 / 22797|22 Feb 2019 7:11 PM|2019-02-24 00:40:36
8|PSIPTEK-WA|PRINSIPTEK CORPORATION BERHAD - WARRANTS A|Main|7145WA|0.115|0.01|0.030|0.040|0.030|0.04|0.0|0.0|0.035 / 3650|0.035 / 3650|0.035 / 3650|22 Feb 2019 7:11 PM|2019-02-24 00:40:36
8|PTARAS|PINTARAS JAYA BHD|Main|9598|3.75|2.18|2.290|2.290|2.250|2.29|0.01|0.44|2.260 / 40|2.260 / 40|2.260 / 40|22 Feb 2019 7:11 PM|2019-02-24 00:40:36
8|PUNCAK|PUNCAK NIAGA HOLDINGS BHD|Main|6807|0.695|0.315|0.420|0.420|0.400|0.405|-0.015|-3.57|0.405 / 66|0.405 / 66|0.405 / 66|22 Feb 2019 7:11 PM|2019-02-24 00:40:36
8|SENDAI|EVERSENDAI CORPORATION BERHAD|Main|5205|1.09|0.455|0.595|0.595|0.575|0.585|-0.01|-1.68|0.580 / 3100|0.580 / 3100|0.580 / 3100|22 Feb 2019 7:11 PM|2019-02-24 00:40:36
8|SUNCON|SUNWAY CONSTRUCTION GROUP BERHAD|Main|5263|2.46|1.3|1.770|1.770|1.730|1.75|-0.02|-1.13|1.740 / 86|1.740 / 86|1.740 / 86|22 Feb 2019 7:11 PM|2019-02-24 00:40:36
8|SYCAL|SYCAL VENTURES BHD|Main|9717|0.295|0.21|0.225|0.225|0.225|0.225|-0.01|-4.26|0.225 / 685|0.225 / 685|0.225 / 685|22 Feb 2019 7:11 PM|2019-02-24 00:40:36
8|TRC|TRC SYNERGY BHD|Main|5054|0.75|0.405|0.565|0.570|0.555|0.555|-0.01|-1.77|0.555 / 45754|0.555 / 45754|0.555 / 45754|22 Feb 2019 7:11 PM|2019-02-24 00:40:36
8|TSRCAP|TSR CAPITAL BHD|Main|5042|0.58|0.295|0.400|0.400|0.400|0.4|0.0|0.0|0.390 / 70|0.390 / 70|0.390 / 70|22 Feb 2019 7:11 PM|2019-02-24 00:40:36
8|TSRCAP-WB|TSR CAPITAL BERHAD-WARRANTS B 16/20|Main|5042WB|0.14|0.03|-|-|-|0.045|0.0|0.0|0.040 / 30|0.040 / 30|0.040 / 30|22 Feb 2019 7:11 PM|2019-02-24 00:40:36
